%YAML 1.1
%TAG !u! tag:unity3d.com,2011:
--- !u!29 &1
OcclusionCullingSettings:
  m_ObjectHideFlags: 0
  serializedVersion: 2
  m_OcclusionBakeSettings:
    smallestOccluder: 5
    smallestHole: 0.25
    backfaceThreshold: 100
  m_SceneGUID: 00000000000000000000000000000000
  m_OcclusionCullingData: {fileID: 0}
--- !u!104 &2
RenderSettings:
  m_ObjectHideFlags: 0
  serializedVersion: 8
  m_Fog: 0
  m_FogColor: {r: 0.5, g: 0.5, b: 0.5, a: 1}
  m_FogMode: 3
  m_FogDensity: 0.01
  m_LinearFogStart: 0
  m_LinearFogEnd: 300
  m_AmbientSkyColor: {r: 0.212, g: 0.227, b: 0.259, a: 1}
  m_AmbientEquatorColor: {r: 0.114, g: 0.125, b: 0.133, a: 1}
  m_AmbientGroundColor: {r: 0.047, g: 0.043, b: 0.035, a: 1}
  m_AmbientIntensity: 1
  m_AmbientMode: 0
  m_SubtractiveShadowColor: {r: 0.42, g: 0.478, b: 0.627, a: 1}
  m_SkyboxMaterial: {fileID: 10304, guid: 0000000000000000f000000000000000, type: 0}
  m_HaloStrength: 0.5
  m_FlareStrength: 1
  m_FlareFadeSpeed: 3
  m_HaloTexture: {fileID: 0}
  m_SpotCookie: {fileID: 10001, guid: 0000000000000000e000000000000000, type: 0}
  m_DefaultReflectionMode: 0
  m_DefaultReflectionResolution: 1024
  m_ReflectionBounces: 2
  m_ReflectionIntensity: 1
  m_CustomReflection: {fileID: 0}
  m_Sun: {fileID: 0}
  m_IndirectSpecularColor: {r: 0.4366757, g: 0.48427194, b: 0.5645252, a: 1}
--- !u!157 &3
LightmapSettings:
  m_ObjectHideFlags: 0
  serializedVersion: 9
  m_GIWorkflowMode: 0
  m_GISettings:
    serializedVersion: 2
    m_BounceScale: 1
    m_IndirectOutputScale: 1
    m_AlbedoBoost: 1
    m_TemporalCoherenceThreshold: 1
    m_EnvironmentLightingMode: 0
    m_EnableBakedLightmaps: 1
    m_EnableRealtimeLightmaps: 1
  m_LightmapEditorSettings:
    serializedVersion: 8
    m_Resolution: 2
    m_BakeResolution: 40
    m_TextureWidth: 1024
    m_TextureHeight: 1024
    m_AO: 0
    m_AOMaxDistance: 1
    m_CompAOExponent: 1
    m_CompAOExponentDirect: 0
    m_Padding: 2
    m_LightmapParameters: {fileID: 0}
    m_LightmapsBakeMode: 1
    m_TextureCompression: 1
    m_FinalGather: 0
    m_FinalGatherFiltering: 1
    m_FinalGatherRayCount: 256
    m_ReflectionCompression: 1
    m_MixedBakeMode: 3
    m_BakeBackend: 0
    m_PVRSampling: 1
    m_PVRDirectSampleCount: 32
    m_PVRSampleCount: 500
    m_PVRBounces: 2
    m_PVRFiltering: 0
    m_PVRFilteringMode: 1
    m_PVRCulling: 1
    m_PVRFilteringGaussRadiusDirect: 1
    m_PVRFilteringGaussRadiusIndirect: 5
    m_PVRFilteringGaussRadiusAO: 2
    m_PVRFilteringAtrousColorSigma: 1
    m_PVRFilteringAtrousNormalSigma: 1
    m_PVRFilteringAtrousPositionSigma: 1
  m_LightingDataAsset: {fileID: 0}
  m_ShadowMaskMode: 2
--- !u!196 &4
NavMeshSettings:
  serializedVersion: 2
  m_ObjectHideFlags: 0
  m_BuildSettings:
    serializedVersion: 2
    agentTypeID: 0
    agentRadius: 0.5
    agentHeight: 2
    agentSlope: 45
    agentClimb: 0.4
    ledgeDropHeight: 0
    maxJumpAcrossDistance: 0
    minRegionArea: 2
    manualCellSize: 0
    cellSize: 0.16666667
    manualTileSize: 0
    tileSize: 256
    accuratePlacement: 0
  m_NavMeshData: {fileID: 0}
--- !u!1001 &37872471
Prefab:
  m_ObjectHideFlags: 0
  serializedVersion: 2
  m_Modification:
    m_TransformParent: {fileID: 0}
    m_Modifications:
    - target: {fileID: 4306460537676534, guid: ff3a243ee4e8701489ea64edd427e501, type: 2}
      propertyPath: m_LocalPosition.x
      value: 0
      objectReference: {fileID: 0}
    - target: {fileID: 4306460537676534, guid: ff3a243ee4e8701489ea64edd427e501, type: 2}
      propertyPath: m_LocalPosition.y
      value: 6.35
      objectReference: {fileID: 0}
    - target: {fileID: 4306460537676534, guid: ff3a243ee4e8701489ea64edd427e501, type: 2}
      propertyPath: m_LocalPosition.z
      value: 0
      objectReference: {fileID: 0}
    - target: {fileID: 4306460537676534, guid: ff3a243ee4e8701489ea64edd427e501, type: 2}
      propertyPath: m_LocalRotation.x
      value: 0
      objectReference: {fileID: 0}
    - target: {fileID: 4306460537676534, guid: ff3a243ee4e8701489ea64edd427e501, type: 2}
      propertyPath: m_LocalRotation.y
      value: 0
      objectReference: {fileID: 0}
    - target: {fileID: 4306460537676534, guid: ff3a243ee4e8701489ea64edd427e501, type: 2}
      propertyPath: m_LocalRotation.z
      value: 0
      objectReference: {fileID: 0}
    - target: {fileID: 4306460537676534, guid: ff3a243ee4e8701489ea64edd427e501, type: 2}
      propertyPath: m_LocalRotation.w
      value: 1
      objectReference: {fileID: 0}
    - target: {fileID: 4306460537676534, guid: ff3a243ee4e8701489ea64edd427e501, type: 2}
      propertyPath: m_RootOrder
      value: 1
      objectReference: {fileID: 0}
    - target: {fileID: 1399994524571904, guid: ff3a243ee4e8701489ea64edd427e501, type: 2}
      propertyPath: m_Name
      value: crown_with_jewels
      objectReference: {fileID: 0}
    m_RemovedComponents:
    - {fileID: 114183688188775874, guid: ff3a243ee4e8701489ea64edd427e501, type: 2}
    - {fileID: 64153509851243954, guid: ff3a243ee4e8701489ea64edd427e501, type: 2}
  m_ParentPrefab: {fileID: 100100000, guid: ff3a243ee4e8701489ea64edd427e501, type: 2}
  m_IsPrefabParent: 0
--- !u!1 &77624247
GameObject:
  m_ObjectHideFlags: 0
  m_PrefabParentObject: {fileID: 0}
  m_PrefabInternal: {fileID: 0}
  serializedVersion: 5
  m_Component:
  - component: {fileID: 77624248}
  - component: {fileID: 77624251}
  - component: {fileID: 77624250}
  - component: {fileID: 77624249}
  m_Layer: 0
  m_Name: Cylinder
  m_TagString: Untagged
  m_Icon: {fileID: 0}
  m_NavMeshLayer: 0
  m_StaticEditorFlags: 0
  m_IsActive: 1
--- !u!4 &77624248
Transform:
  m_ObjectHideFlags: 0
  m_PrefabParentObject: {fileID: 0}
  m_PrefabInternal: {fileID: 0}
  m_GameObject: {fileID: 77624247}
  m_LocalRotation: {x: -0, y: -0, z: -0, w: 1}
  m_LocalPosition: {x: 0, y: 0.5, z: 0}
  m_LocalScale: {x: 0.5, y: 1, z: 0.5}
  m_Children: []
  m_Father: {fileID: 1442021662}
  m_RootOrder: 3
  m_LocalEulerAnglesHint: {x: 0, y: 0, z: 0}
--- !u!23 &77624249
MeshRenderer:
  m_ObjectHideFlags: 0
  m_PrefabParentObject: {fileID: 0}
  m_PrefabInternal: {fileID: 0}
  m_GameObject: {fileID: 77624247}
  m_Enabled: 1
  m_CastShadows: 1
  m_ReceiveShadows: 1
  m_MotionVectors: 1
  m_LightProbeUsage: 1
  m_ReflectionProbeUsage: 1
  m_Materials:
  - {fileID: 10303, guid: 0000000000000000f000000000000000, type: 0}
  m_StaticBatchInfo:
    firstSubMesh: 0
    subMeshCount: 0
  m_StaticBatchRoot: {fileID: 0}
  m_ProbeAnchor: {fileID: 0}
  m_LightProbeVolumeOverride: {fileID: 0}
  m_ScaleInLightmap: 1
  m_PreserveUVs: 1
  m_IgnoreNormalsForChartDetection: 0
  m_ImportantGI: 0
  m_SelectedEditorRenderState: 3
  m_MinimumChartSize: 4
  m_AutoUVMaxDistance: 0.5
  m_AutoUVMaxAngle: 89
  m_LightmapParameters: {fileID: 0}
  m_SortingLayerID: 0
  m_SortingLayer: 0
  m_SortingOrder: 0
--- !u!136 &77624250
CapsuleCollider:
  m_ObjectHideFlags: 0
  m_PrefabParentObject: {fileID: 0}
  m_PrefabInternal: {fileID: 0}
  m_GameObject: {fileID: 77624247}
  m_Material: {fileID: 13400000, guid: e5c8253c812906147ad0ae65e11c1a27, type: 2}
  m_IsTrigger: 0
  m_Enabled: 1
  m_Radius: 0.5
  m_Height: 2
  m_Direction: 1
  m_Center: {x: 0, y: 0, z: 0}
--- !u!33 &77624251
MeshFilter:
  m_ObjectHideFlags: 0
  m_PrefabParentObject: {fileID: 0}
  m_PrefabInternal: {fileID: 0}
  m_GameObject: {fileID: 77624247}
  m_Mesh: {fileID: 10206, guid: 0000000000000000e000000000000000, type: 0}
--- !u!1 &148137925
GameObject:
  m_ObjectHideFlags: 0
  m_PrefabParentObject: {fileID: 1422172826611306, guid: 792b6e369235fe348be7ebda7cf2cf96,
    type: 2}
  m_PrefabInternal: {fileID: 0}
  serializedVersion: 5
  m_Component:
  - component: {fileID: 148137930}
  - component: {fileID: 148137929}
  - component: {fileID: 148137928}
  - component: {fileID: 148137927}
  - component: {fileID: 148137926}
  - component: {fileID: 148137931}
  m_Layer: 0
  m_Name: Shield
  m_TagString: Shield
  m_Icon: {fileID: 0}
  m_NavMeshLayer: 0
  m_StaticEditorFlags: 0
  m_IsActive: 1
--- !u!114 &148137926
MonoBehaviour:
  m_ObjectHideFlags: 0
  m_PrefabParentObject: {fileID: 114180479985579748, guid: 792b6e369235fe348be7ebda7cf2cf96,
    type: 2}
  m_PrefabInternal: {fileID: 0}
  m_GameObject: {fileID: 148137925}
  m_Enabled: 1
  m_EditorHideFlags: 0
  m_Script: {fileID: 11500000, guid: e858cf08234cef8409bd3c77447cec63, type: 3}
  m_Name: 
  m_EditorClassIdentifier: 
--- !u!23 &148137927
MeshRenderer:
  m_ObjectHideFlags: 0
  m_PrefabParentObject: {fileID: 23334165975257980, guid: 792b6e369235fe348be7ebda7cf2cf96,
    type: 2}
  m_PrefabInternal: {fileID: 0}
  m_GameObject: {fileID: 148137925}
  m_Enabled: 1
  m_CastShadows: 1
  m_ReceiveShadows: 1
  m_MotionVectors: 1
  m_LightProbeUsage: 1
  m_ReflectionProbeUsage: 1
  m_Materials:
  - {fileID: 2100000, guid: 620faa03ed04fd54c9cc83502600755c, type: 2}
  m_StaticBatchInfo:
    firstSubMesh: 0
    subMeshCount: 0
  m_StaticBatchRoot: {fileID: 0}
  m_ProbeAnchor: {fileID: 0}
  m_LightProbeVolumeOverride: {fileID: 0}
  m_ScaleInLightmap: 1
  m_PreserveUVs: 1
  m_IgnoreNormalsForChartDetection: 0
  m_ImportantGI: 0
  m_SelectedEditorRenderState: 3
  m_MinimumChartSize: 4
  m_AutoUVMaxDistance: 0.5
  m_AutoUVMaxAngle: 89
  m_LightmapParameters: {fileID: 0}
  m_SortingLayerID: 0
  m_SortingLayer: 0
  m_SortingOrder: 0
--- !u!135 &148137928
SphereCollider:
  m_ObjectHideFlags: 0
  m_PrefabParentObject: {fileID: 135392125836446064, guid: 792b6e369235fe348be7ebda7cf2cf96,
    type: 2}
  m_PrefabInternal: {fileID: 0}
  m_GameObject: {fileID: 148137925}
  m_Material: {fileID: 13400000, guid: e5c8253c812906147ad0ae65e11c1a27, type: 2}
  m_IsTrigger: 0
  m_Enabled: 1
  serializedVersion: 2
  m_Radius: 0.5
  m_Center: {x: 0, y: 0, z: 0}
--- !u!33 &148137929
MeshFilter:
  m_ObjectHideFlags: 0
  m_PrefabParentObject: {fileID: 33231907875580622, guid: 792b6e369235fe348be7ebda7cf2cf96,
    type: 2}
  m_PrefabInternal: {fileID: 0}
  m_GameObject: {fileID: 148137925}
  m_Mesh: {fileID: 10207, guid: 0000000000000000e000000000000000, type: 0}
--- !u!4 &148137930
Transform:
  m_ObjectHideFlags: 0
  m_PrefabParentObject: {fileID: 4130211616100014, guid: 792b6e369235fe348be7ebda7cf2cf96,
    type: 2}
  m_PrefabInternal: {fileID: 0}
  m_GameObject: {fileID: 148137925}
  m_LocalRotation: {x: -0, y: -0, z: -0, w: 1}
  m_LocalPosition: {x: 0, y: 1.5, z: 1}
  m_LocalScale: {x: 1, y: 1, z: 0.2}
  m_Children: []
  m_Father: {fileID: 1442021662}
  m_RootOrder: 1
  m_LocalEulerAnglesHint: {x: 0, y: 0, z: 0}
--- !u!114 &148137931
MonoBehaviour:
  m_ObjectHideFlags: 0
  m_PrefabParentObject: {fileID: 0}
  m_PrefabInternal: {fileID: 0}
  m_GameObject: {fileID: 148137925}
  m_Enabled: 1
  m_EditorHideFlags: 0
  m_Script: {fileID: 11500000, guid: 9ab2eb74a4e66ec4aa64fd7abbf85451, type: 3}
  m_Name: 
  m_EditorClassIdentifier: 
--- !u!1 &768993771
GameObject:
  m_ObjectHideFlags: 0
  m_PrefabParentObject: {fileID: 0}
  m_PrefabInternal: {fileID: 0}
  serializedVersion: 5
  m_Component:
  - component: {fileID: 768993772}
  - component: {fileID: 768993774}
  - component: {fileID: 768993773}
  m_Layer: 5
  m_Name: TimeText
  m_TagString: Untagged
  m_Icon: {fileID: 0}
  m_NavMeshLayer: 0
  m_StaticEditorFlags: 0
  m_IsActive: 1
--- !u!224 &768993772
RectTransform:
  m_ObjectHideFlags: 0
  m_PrefabParentObject: {fileID: 0}
  m_PrefabInternal: {fileID: 0}
  m_GameObject: {fileID: 768993771}
  m_LocalRotation: {x: -0, y: -0, z: -0, w: 1}
  m_LocalPosition: {x: 0, y: 0, z: 0}
  m_LocalScale: {x: 1, y: 1, z: 1}
  m_Children: []
  m_Father: {fileID: 1868537594}
  m_RootOrder: 1
  m_LocalEulerAnglesHint: {x: 0, y: 0, z: 0}
  m_AnchorMin: {x: 1, y: 1}
  m_AnchorMax: {x: 1, y: 1}
  m_AnchoredPosition: {x: -46, y: -23}
  m_SizeDelta: {x: 90, y: 30}
  m_Pivot: {x: 0.49999994, y: 0.49999976}
--- !u!114 &768993773
MonoBehaviour:
  m_ObjectHideFlags: 0
  m_PrefabParentObject: {fileID: 0}
  m_PrefabInternal: {fileID: 0}
  m_GameObject: {fileID: 768993771}
  m_Enabled: 1
  m_EditorHideFlags: 0
  m_Script: {fileID: 708705254, guid: f70555f144d8491a825f0804e09c671c, type: 3}
  m_Name: 
  m_EditorClassIdentifier: 
  m_Material: {fileID: 0}
  m_Color: {r: 0.19607843, g: 0.19607843, b: 0.19607843, a: 1}
  m_RaycastTarget: 1
  m_OnCullStateChanged:
    m_PersistentCalls:
      m_Calls: []
    m_TypeName: UnityEngine.UI.MaskableGraphic+CullStateChangedEvent, UnityEngine.UI,
      Version=1.0.0.0, Culture=neutral, PublicKeyToken=null
  m_FontData:
    m_Font: {fileID: 10102, guid: 0000000000000000e000000000000000, type: 0}
    m_FontSize: 14
    m_FontStyle: 0
    m_BestFit: 0
    m_MinSize: 10
    m_MaxSize: 40
    m_Alignment: 0
    m_AlignByGeometry: 0
    m_RichText: 1
    m_HorizontalOverflow: 0
    m_VerticalOverflow: 0
    m_LineSpacing: 1
  m_Text: Time
--- !u!222 &768993774
CanvasRenderer:
  m_ObjectHideFlags: 0
  m_PrefabParentObject: {fileID: 0}
  m_PrefabInternal: {fileID: 0}
  m_GameObject: {fileID: 768993771}
--- !u!1 &837803806
GameObject:
  m_ObjectHideFlags: 0
  m_PrefabParentObject: {fileID: 0}
  m_PrefabInternal: {fileID: 0}
  serializedVersion: 5
  m_Component:
  - component: {fileID: 837803810}
  - component: {fileID: 837803809}
  - component: {fileID: 837803807}
  - component: {fileID: 837803811}
  - component: {fileID: 837803808}
  m_Layer: 0
  m_Name: Plane
  m_TagString: Untagged
  m_Icon: {fileID: 0}
  m_NavMeshLayer: 0
  m_StaticEditorFlags: 0
  m_IsActive: 1
--- !u!23 &837803807
MeshRenderer:
  m_ObjectHideFlags: 0
  m_PrefabParentObject: {fileID: 0}
  m_PrefabInternal: {fileID: 0}
  m_GameObject: {fileID: 837803806}
  m_Enabled: 1
  m_CastShadows: 1
  m_ReceiveShadows: 1
  m_MotionVectors: 1
  m_LightProbeUsage: 1
  m_ReflectionProbeUsage: 1
  m_Materials:
  - {fileID: 2100000, guid: 16884bcfca61b7c48bd4f4ebc7292491, type: 2}
  m_StaticBatchInfo:
    firstSubMesh: 0
    subMeshCount: 0
  m_StaticBatchRoot: {fileID: 0}
  m_ProbeAnchor: {fileID: 0}
  m_LightProbeVolumeOverride: {fileID: 0}
  m_ScaleInLightmap: 1
  m_PreserveUVs: 1
  m_IgnoreNormalsForChartDetection: 0
  m_ImportantGI: 0
  m_SelectedEditorRenderState: 3
  m_MinimumChartSize: 4
  m_AutoUVMaxDistance: 0.5
  m_AutoUVMaxAngle: 89
  m_LightmapParameters: {fileID: 0}
  m_SortingLayerID: 0
  m_SortingLayer: 0
  m_SortingOrder: 0
--- !u!65 &837803808
BoxCollider:
  m_ObjectHideFlags: 0
  m_PrefabParentObject: {fileID: 0}
  m_PrefabInternal: {fileID: 0}
  m_GameObject: {fileID: 837803806}
  m_Material: {fileID: 13400000, guid: c2815a7ab32e42c4bb42f59caacb8ec1, type: 2}
  m_IsTrigger: 0
  m_Enabled: 1
  serializedVersion: 2
  m_Size: {x: 10, y: 0.3, z: 10}
  m_Center: {x: 0, y: 0, z: 0}
--- !u!33 &837803809
MeshFilter:
  m_ObjectHideFlags: 0
  m_PrefabParentObject: {fileID: 0}
  m_PrefabInternal: {fileID: 0}
  m_GameObject: {fileID: 837803806}
  m_Mesh: {fileID: 10209, guid: 0000000000000000e000000000000000, type: 0}
--- !u!4 &837803810
Transform:
  m_ObjectHideFlags: 0
  m_PrefabParentObject: {fileID: 0}
  m_PrefabInternal: {fileID: 0}
  m_GameObject: {fileID: 837803806}
  m_LocalRotation: {x: 0, y: 0, z: 0, w: 1}
  m_LocalPosition: {x: 0, y: 0.4, z: 0}
  m_LocalScale: {x: 3, y: 1, z: 3}
  m_Children: []
  m_Father: {fileID: 0}
  m_RootOrder: 2
  m_LocalEulerAnglesHint: {x: 0, y: 0, z: 0}
--- !u!114 &837803811
MonoBehaviour:
  m_ObjectHideFlags: 0
  m_PrefabParentObject: {fileID: 0}
  m_PrefabInternal: {fileID: 0}
  m_GameObject: {fileID: 837803806}
  m_Enabled: 1
  m_EditorHideFlags: 0
  m_Script: {fileID: 11500000, guid: 4a9914368f88bb24da3c085d60b1f978, type: 3}
  m_Name: 
  m_EditorClassIdentifier: 
--- !u!4 &1087834231 stripped
Transform:
  m_PrefabParentObject: {fileID: 4407994347757048, guid: f46208189dea9674f8ee21c5aa4693fa,
    type: 2}
  m_PrefabInternal: {fileID: 1819501781}
--- !u!1 &1241387151 stripped
GameObject:
  m_PrefabParentObject: {fileID: 1654042144323962, guid: ff3a243ee4e8701489ea64edd427e501,
    type: 2}
  m_PrefabInternal: {fileID: 37872471}
--- !u!114 &1241387153
MonoBehaviour:
  m_ObjectHideFlags: 0
  m_PrefabParentObject: {fileID: 0}
  m_PrefabInternal: {fileID: 0}
  m_GameObject: {fileID: 1241387151}
  m_Enabled: 1
  m_EditorHideFlags: 0
  m_Script: {fileID: 11500000, guid: 4a9914368f88bb24da3c085d60b1f978, type: 3}
  m_Name: 
  m_EditorClassIdentifier: 
--- !u!136 &1241387154
CapsuleCollider:
  m_ObjectHideFlags: 0
  m_PrefabParentObject: {fileID: 0}
  m_PrefabInternal: {fileID: 0}
  m_GameObject: {fileID: 1241387151}
  m_Material: {fileID: 13400000, guid: e5c8253c812906147ad0ae65e11c1a27, type: 2}
  m_IsTrigger: 0
  m_Enabled: 1
  m_Radius: 100
  m_Height: 12.61556
  m_Direction: 1
  m_Center: {x: 0.0000019073486, y: 95, z: 0.0000071525574}
--- !u!1 &1311733284
GameObject:
  m_ObjectHideFlags: 0
  m_PrefabParentObject: {fileID: 0}
  m_PrefabInternal: {fileID: 0}
  serializedVersion: 5
  m_Component:
  - component: {fileID: 1311733286}
  - component: {fileID: 1311733285}
  - component: {fileID: 1311733287}
  m_Layer: 0
  m_Name: Directional Light
  m_TagString: Untagged
  m_Icon: {fileID: 0}
  m_NavMeshLayer: 0
  m_StaticEditorFlags: 0
  m_IsActive: 1
--- !u!108 &1311733285
Light:
  m_ObjectHideFlags: 0
  m_PrefabParentObject: {fileID: 0}
  m_PrefabInternal: {fileID: 0}
  m_GameObject: {fileID: 1311733284}
  m_Enabled: 1
  serializedVersion: 8
  m_Type: 1
  m_Color: {r: 1, g: 0.95686275, b: 0.8392157, a: 1}
  m_Intensity: 1
  m_Range: 10
  m_SpotAngle: 30
  m_CookieSize: 10
  m_Shadows:
    m_Type: 2
    m_Resolution: -1
    m_CustomResolution: -1
    m_Strength: 1
    m_Bias: 0.05
    m_NormalBias: 0.4
    m_NearPlane: 0.2
  m_Cookie: {fileID: 0}
  m_DrawHalo: 0
  m_Flare: {fileID: 0}
  m_RenderMode: 0
  m_CullingMask:
    serializedVersion: 2
    m_Bits: 4294967295
  m_Lightmapping: 4
  m_AreaSize: {x: 1, y: 1}
  m_BounceIntensity: 1
  m_ColorTemperature: 6570
  m_UseColorTemperature: 0
  m_ShadowRadius: 0
  m_ShadowAngle: 0
--- !u!4 &1311733286
Transform:
  m_ObjectHideFlags: 0
  m_PrefabParentObject: {fileID: 0}
  m_PrefabInternal: {fileID: 0}
  m_GameObject: {fileID: 1311733284}
  m_LocalRotation: {x: 0.7071068, y: 0, z: 0, w: 0.7071068}
  m_LocalPosition: {x: 0, y: 23.62, z: -49.7}
  m_LocalScale: {x: 1, y: 1, z: 1}
  m_Children: []
  m_Father: {fileID: 0}
  m_RootOrder: 0
  m_LocalEulerAnglesHint: {x: 90, y: 0, z: 0}
--- !u!114 &1311733287
MonoBehaviour:
  m_ObjectHideFlags: 0
  m_PrefabParentObject: {fileID: 0}
  m_PrefabInternal: {fileID: 0}
  m_GameObject: {fileID: 1311733284}
  m_Enabled: 1
  m_EditorHideFlags: 0
  m_Script: {fileID: 11500000, guid: f8ae41bf43d66444a8d7d6addde82683, type: 3}
  m_Name: 
  m_EditorClassIdentifier: 
  x: 0
--- !u!1 &1442021660
GameObject:
  m_ObjectHideFlags: 0
  m_PrefabParentObject: {fileID: 1818745632755234, guid: 792b6e369235fe348be7ebda7cf2cf96,
    type: 2}
  m_PrefabInternal: {fileID: 0}
  serializedVersion: 5
  m_Component:
  - component: {fileID: 1442021662}
  - component: {fileID: 1442021661}
  m_Layer: 0
  m_Name: RealPlayer
  m_TagString: Player
  m_Icon: {fileID: 0}
  m_NavMeshLayer: 0
  m_StaticEditorFlags: 0
  m_IsActive: 1
--- !u!114 &1442021661
MonoBehaviour:
  m_ObjectHideFlags: 0
  m_PrefabParentObject: {fileID: 114167337211845198, guid: 792b6e369235fe348be7ebda7cf2cf96,
    type: 2}
  m_PrefabInternal: {fileID: 0}
  m_GameObject: {fileID: 1442021660}
  m_Enabled: 1
  m_EditorHideFlags: 0
  m_Script: {fileID: 11500000, guid: 89accf6e68551194b8dc15877636ba87, type: 3}
  m_Name: 
  m_EditorClassIdentifier: 
  turnspeed: 50
  rgBody: {fileID: 0}
  ball: {fileID: 1475736736}
  velocity: 40
  launched: 0
  shield: {fileID: 148137925}
--- !u!224 &1442021662
RectTransform:
  m_ObjectHideFlags: 0
  m_PrefabParentObject: {fileID: 224245309299249482, guid: 792b6e369235fe348be7ebda7cf2cf96,
    type: 2}
  m_PrefabInternal: {fileID: 0}
  m_GameObject: {fileID: 1442021660}
  m_LocalRotation: {x: 0, y: 0, z: 0, w: 1}
  m_LocalPosition: {x: 0, y: 0, z: 0}
  m_LocalScale: {x: 1, y: 1, z: 1}
  m_Children:
  - {fileID: 1567899262}
  - {fileID: 148137930}
  - {fileID: 1475736742}
  - {fileID: 77624248}
  m_Father: {fileID: 0}
  m_RootOrder: 3
  m_LocalEulerAnglesHint: {x: 0, y: 0, z: 0}
  m_AnchorMin: {x: 0.5, y: 0.5}
  m_AnchorMax: {x: 0.5, y: 0.5}
  m_AnchoredPosition: {x: 0, y: 1}
  m_SizeDelta: {x: 100, y: 100}
  m_Pivot: {x: 0.5, y: 0.5}
--- !u!1 &1475736736
GameObject:
  m_ObjectHideFlags: 0
  m_PrefabParentObject: {fileID: 1984946140338620, guid: 792b6e369235fe348be7ebda7cf2cf96,
    type: 2}
  m_PrefabInternal: {fileID: 0}
  serializedVersion: 5
  m_Component:
  - component: {fileID: 1475736742}
  - component: {fileID: 1475736741}
  - component: {fileID: 1475736740}
  - component: {fileID: 1475736739}
  - component: {fileID: 1475736738}
  - component: {fileID: 1475736737}
  - component: {fileID: 1475736743}
  m_Layer: 0
  m_Name: Theball
  m_TagString: Ball
  m_Icon: {fileID: 0}
  m_NavMeshLayer: 0
  m_StaticEditorFlags: 0
  m_IsActive: 1
--- !u!114 &1475736737
MonoBehaviour:
  m_ObjectHideFlags: 0
  m_PrefabParentObject: {fileID: 114879596300986124, guid: 792b6e369235fe348be7ebda7cf2cf96,
    type: 2}
  m_PrefabInternal: {fileID: 0}
  m_GameObject: {fileID: 1475736736}
  m_Enabled: 1
  m_EditorHideFlags: 0
  m_Script: {fileID: 11500000, guid: 363db804c6546bb49890eb0a03d9ef32, type: 3}
  m_Name: 
  m_EditorClassIdentifier: 
  boop: {fileID: 0}
  rigBody: {fileID: 1475736738}
  Shield: {fileID: 0}
--- !u!54 &1475736738
Rigidbody:
  m_ObjectHideFlags: 0
  m_PrefabParentObject: {fileID: 54487848347435968, guid: 792b6e369235fe348be7ebda7cf2cf96,
    type: 2}
  m_PrefabInternal: {fileID: 0}
  m_GameObject: {fileID: 1475736736}
  serializedVersion: 2
  m_Mass: 1
  m_Drag: 0
  m_AngularDrag: 0
  m_UseGravity: 0
  m_IsKinematic: 0
  m_Interpolate: 1
  m_Constraints: 0
  m_CollisionDetection: 0
--- !u!23 &1475736739
MeshRenderer:
  m_ObjectHideFlags: 0
  m_PrefabParentObject: {fileID: 23092848421441042, guid: 792b6e369235fe348be7ebda7cf2cf96,
    type: 2}
  m_PrefabInternal: {fileID: 0}
  m_GameObject: {fileID: 1475736736}
  m_Enabled: 1
  m_CastShadows: 1
  m_ReceiveShadows: 1
  m_MotionVectors: 1
  m_LightProbeUsage: 1
  m_ReflectionProbeUsage: 1
  m_Materials:
  - {fileID: 2100000, guid: ea9595e74d09549409a95b17e9320953, type: 2}
  m_StaticBatchInfo:
    firstSubMesh: 0
    subMeshCount: 0
  m_StaticBatchRoot: {fileID: 0}
  m_ProbeAnchor: {fileID: 0}
  m_LightProbeVolumeOverride: {fileID: 0}
  m_ScaleInLightmap: 1
  m_PreserveUVs: 1
  m_IgnoreNormalsForChartDetection: 0
  m_ImportantGI: 0
  m_SelectedEditorRenderState: 3
  m_MinimumChartSize: 4
  m_AutoUVMaxDistance: 0.5
  m_AutoUVMaxAngle: 89
  m_LightmapParameters: {fileID: 0}
  m_SortingLayerID: 0
  m_SortingLayer: 0
  m_SortingOrder: 0
--- !u!135 &1475736740
SphereCollider:
  m_ObjectHideFlags: 0
  m_PrefabParentObject: {fileID: 135541056537575516, guid: 792b6e369235fe348be7ebda7cf2cf96,
    type: 2}
  m_PrefabInternal: {fileID: 0}
  m_GameObject: {fileID: 1475736736}
  m_Material: {fileID: 0}
  m_IsTrigger: 0
  m_Enabled: 1
  serializedVersion: 2
  m_Radius: 0.6
  m_Center: {x: 0, y: 0, z: 0}
--- !u!33 &1475736741
MeshFilter:
  m_ObjectHideFlags: 0
  m_PrefabParentObject: {fileID: 33344081070106594, guid: 792b6e369235fe348be7ebda7cf2cf96,
    type: 2}
  m_PrefabInternal: {fileID: 0}
  m_GameObject: {fileID: 1475736736}
  m_Mesh: {fileID: 10207, guid: 0000000000000000e000000000000000, type: 0}
--- !u!4 &1475736742
Transform:
  m_ObjectHideFlags: 0
  m_PrefabParentObject: {fileID: 4882160407973578, guid: 792b6e369235fe348be7ebda7cf2cf96,
    type: 2}
  m_PrefabInternal: {fileID: 0}
  m_GameObject: {fileID: 1475736736}
  m_LocalRotation: {x: -0, y: -0, z: -0, w: 1}
  m_LocalPosition: {x: 0, y: 1, z: 1}
  m_LocalScale: {x: 0.5, y: 0.5, z: 0.5}
  m_Children: []
  m_Father: {fileID: 1442021662}
  m_RootOrder: 2
  m_LocalEulerAnglesHint: {x: 0, y: 0, z: 0}
--- !u!82 &1475736743
AudioSource:
  m_ObjectHideFlags: 0
  m_PrefabParentObject: {fileID: 0}
  m_PrefabInternal: {fileID: 0}
  m_GameObject: {fileID: 1475736736}
  m_Enabled: 1
  serializedVersion: 4
  OutputAudioMixerGroup: {fileID: 0}
  m_audioClip: {fileID: 0}
  m_PlayOnAwake: 1
  m_Volume: 1
  m_Pitch: 1
  Loop: 0
  Mute: 0
  Spatialize: 0
  SpatializePostEffects: 0
  Priority: 128
  DopplerLevel: 1
  MinDistance: 1
  MaxDistance: 500
  Pan2D: 0
  rolloffMode: 0
  BypassEffects: 0
  BypassListenerEffects: 0
  BypassReverbZones: 0
  rolloffCustomCurve:
    serializedVersion: 2
    m_Curve:
    - serializedVersion: 2
      time: 0
      value: 1
      inSlope: 0
      outSlope: 0
      tangentMode: 0
    - serializedVersion: 2
      time: 1
      value: 0
      inSlope: 0
      outSlope: 0
      tangentMode: 0
    m_PreInfinity: 2
    m_PostInfinity: 2
    m_RotationOrder: 4
  panLevelCustomCurve:
    serializedVersion: 2
    m_Curve:
    - serializedVersion: 2
      time: 0
      value: 0
      inSlope: 0
      outSlope: 0
      tangentMode: 0
    m_PreInfinity: 2
    m_PostInfinity: 2
    m_RotationOrder: 0
  spreadCustomCurve:
    serializedVersion: 2
    m_Curve:
    - serializedVersion: 2
      time: 0
      value: 0
      inSlope: 0
      outSlope: 0
      tangentMode: 0
    m_PreInfinity: 2
    m_PostInfinity: 2
    m_RotationOrder: 4
  reverbZoneMixCustomCurve:
    serializedVersion: 2
    m_Curve:
    - serializedVersion: 2
      time: 0
      value: 1
      inSlope: 0
      outSlope: 0
      tangentMode: 0
    m_PreInfinity: 2
    m_PostInfinity: 2
    m_RotationOrder: 0
--- !u!1 &1490321283
GameObject:
  m_ObjectHideFlags: 0
  m_PrefabParentObject: {fileID: 0}
  m_PrefabInternal: {fileID: 0}
  serializedVersion: 5
  m_Component:
  - component: {fileID: 1490321284}
  - component: {fileID: 1490321286}
  - component: {fileID: 1490321285}
  m_Layer: 5
  m_Name: ScoreText
  m_TagString: Untagged
  m_Icon: {fileID: 0}
  m_NavMeshLayer: 0
  m_StaticEditorFlags: 0
  m_IsActive: 1
--- !u!224 &1490321284
RectTransform:
  m_ObjectHideFlags: 0
  m_PrefabParentObject: {fileID: 0}
  m_PrefabInternal: {fileID: 0}
  m_GameObject: {fileID: 1490321283}
  m_LocalRotation: {x: 0, y: 0, z: 0, w: 1}
  m_LocalPosition: {x: 0, y: 0, z: 0}
  m_LocalScale: {x: 1, y: 1, z: 1}
  m_Children: []
  m_Father: {fileID: 1868537594}
  m_RootOrder: 0
  m_LocalEulerAnglesHint: {x: 0, y: 0, z: 0}
  m_AnchorMin: {x: 0, y: 1}
  m_AnchorMax: {x: 0, y: 1}
  m_AnchoredPosition: {x: 57, y: -22.75}
  m_SizeDelta: {x: 91, y: 30.5}
  m_Pivot: {x: 0.5, y: 0.5}
--- !u!114 &1490321285
MonoBehaviour:
  m_ObjectHideFlags: 0
  m_PrefabParentObject: {fileID: 0}
  m_PrefabInternal: {fileID: 0}
  m_GameObject: {fileID: 1490321283}
  m_Enabled: 1
  m_EditorHideFlags: 0
  m_Script: {fileID: 708705254, guid: f70555f144d8491a825f0804e09c671c, type: 3}
  m_Name: 
  m_EditorClassIdentifier: 
  m_Material: {fileID: 0}
  m_Color: {r: 0.19607843, g: 0.19607843, b: 0.19607843, a: 1}
  m_RaycastTarget: 1
  m_OnCullStateChanged:
    m_PersistentCalls:
      m_Calls: []
    m_TypeName: UnityEngine.UI.MaskableGraphic+CullStateChangedEvent, UnityEngine.UI,
      Version=1.0.0.0, Culture=neutral, PublicKeyToken=null
  m_FontData:
    m_Font: {fileID: 10102, guid: 0000000000000000e000000000000000, type: 0}
    m_FontSize: 14
    m_FontStyle: 0
    m_BestFit: 0
    m_MinSize: 10
    m_MaxSize: 40
    m_Alignment: 0
    m_AlignByGeometry: 0
    m_RichText: 1
    m_HorizontalOverflow: 0
    m_VerticalOverflow: 0
    m_LineSpacing: 1
  m_Text: Score
--- !u!222 &1490321286
CanvasRenderer:
  m_ObjectHideFlags: 0
  m_PrefabParentObject: {fileID: 0}
  m_PrefabInternal: {fileID: 0}
  m_GameObject: {fileID: 1490321283}
--- !u!1 &1567899261
GameObject:
  m_ObjectHideFlags: 0
  m_PrefabParentObject: {fileID: 1506832854392962, guid: 792b6e369235fe348be7ebda7cf2cf96,
    type: 2}
  m_PrefabInternal: {fileID: 0}
  serializedVersion: 5
  m_Component:
  - component: {fileID: 1567899262}
  - component: {fileID: 1567899266}
  - component: {fileID: 1567899265}
  - component: {fileID: 1567899264}
  - component: {fileID: 1567899263}
  m_Layer: 0
  m_Name: Main Camera
  m_TagString: MainCamera
  m_Icon: {fileID: 0}
  m_NavMeshLayer: 0
  m_StaticEditorFlags: 0
  m_IsActive: 1
--- !u!224 &1567899262
RectTransform:
  m_ObjectHideFlags: 0
  m_PrefabParentObject: {fileID: 0}
  m_PrefabInternal: {fileID: 0}
  m_GameObject: {fileID: 1567899261}
  m_LocalRotation: {x: -0, y: -0, z: -0, w: 1}
  m_LocalPosition: {x: 0, y: 0, z: 0.5}
  m_LocalScale: {x: 1, y: 1, z: 1}
  m_Children: []
  m_Father: {fileID: 1442021662}
  m_RootOrder: 0
  m_LocalEulerAnglesHint: {x: 0, y: 0, z: 0}
  m_AnchorMin: {x: 0.5, y: 0.5}
  m_AnchorMax: {x: 0.5, y: 0.5}
  m_AnchoredPosition: {x: 0, y: 1.5}
  m_SizeDelta: {x: 100, y: 100}
  m_Pivot: {x: 0.5, y: 0.5}
--- !u!81 &1567899263
AudioListener:
  m_ObjectHideFlags: 0
  m_PrefabParentObject: {fileID: 81917204801806354, guid: 792b6e369235fe348be7ebda7cf2cf96,
    type: 2}
  m_PrefabInternal: {fileID: 0}
  m_GameObject: {fileID: 1567899261}
  m_Enabled: 1
--- !u!124 &1567899264
Behaviour:
  m_ObjectHideFlags: 0
  m_PrefabParentObject: {fileID: 124093537633524882, guid: 792b6e369235fe348be7ebda7cf2cf96,
    type: 2}
  m_PrefabInternal: {fileID: 0}
  m_GameObject: {fileID: 1567899261}
  m_Enabled: 1
--- !u!92 &1567899265
Behaviour:
  m_ObjectHideFlags: 0
  m_PrefabParentObject: {fileID: 92050469865163632, guid: 792b6e369235fe348be7ebda7cf2cf96,
    type: 2}
  m_PrefabInternal: {fileID: 0}
  m_GameObject: {fileID: 1567899261}
  m_Enabled: 1
--- !u!20 &1567899266
Camera:
  m_ObjectHideFlags: 0
  m_PrefabParentObject: {fileID: 20999411423231758, guid: 792b6e369235fe348be7ebda7cf2cf96,
    type: 2}
  m_PrefabInternal: {fileID: 0}
  m_GameObject: {fileID: 1567899261}
  m_Enabled: 1
  serializedVersion: 2
  m_ClearFlags: 2
  m_BackGroundColor: {r: 1, g: 0.86666673, b: 1, a: 0}
  m_NormalizedViewPortRect:
    serializedVersion: 2
    x: 0
    y: 0
    width: 1
    height: 1
  near clip plane: 0.3
  far clip plane: 1000
  field of view: 90
  orthographic: 0
  orthographic size: 5
  m_Depth: -1
  m_CullingMask:
    serializedVersion: 2
    m_Bits: 4294967295
  m_RenderingPath: -1
  m_TargetTexture: {fileID: 0}
  m_TargetDisplay: 0
  m_TargetEye: 3
  m_HDR: 0
  m_AllowMSAA: 1
  m_ForceIntoRT: 0
  m_OcclusionCulling: 1
  m_StereoConvergence: 10
  m_StereoSeparation: 0.022
  m_StereoMirrorMode: 0
--- !u!1 &1612618087
GameObject:
  m_ObjectHideFlags: 0
  m_PrefabParentObject: {fileID: 0}
  m_PrefabInternal: {fileID: 0}
  serializedVersion: 5
  m_Component:
  - component: {fileID: 1612618090}
  - component: {fileID: 1612618089}
  - component: {fileID: 1612618088}
  m_Layer: 0
  m_Name: EventSystem
  m_TagString: Untagged
  m_Icon: {fileID: 0}
  m_NavMeshLayer: 0
  m_StaticEditorFlags: 0
  m_IsActive: 1
--- !u!114 &1612618088
MonoBehaviour:
  m_ObjectHideFlags: 0
  m_PrefabParentObject: {fileID: 0}
  m_PrefabInternal: {fileID: 0}
  m_GameObject: {fileID: 1612618087}
  m_Enabled: 1
  m_EditorHideFlags: 0
  m_Script: {fileID: 1077351063, guid: f70555f144d8491a825f0804e09c671c, type: 3}
  m_Name: 
  m_EditorClassIdentifier: 
  m_HorizontalAxis: Horizontal
  m_VerticalAxis: Vertical
  m_SubmitButton: Submit
  m_CancelButton: Cancel
  m_InputActionsPerSecond: 10
  m_RepeatDelay: 0.5
  m_ForceModuleActive: 0
--- !u!114 &1612618089
MonoBehaviour:
  m_ObjectHideFlags: 0
  m_PrefabParentObject: {fileID: 0}
  m_PrefabInternal: {fileID: 0}
  m_GameObject: {fileID: 1612618087}
  m_Enabled: 1
  m_EditorHideFlags: 0
  m_Script: {fileID: -619905303, guid: f70555f144d8491a825f0804e09c671c, type: 3}
  m_Name: 
  m_EditorClassIdentifier: 
  m_FirstSelected: {fileID: 0}
  m_sendNavigationEvents: 1
  m_DragThreshold: 5
--- !u!4 &1612618090
Transform:
  m_ObjectHideFlags: 0
  m_PrefabParentObject: {fileID: 0}
  m_PrefabInternal: {fileID: 0}
  m_GameObject: {fileID: 1612618087}
  m_LocalRotation: {x: 0, y: 0, z: 0, w: 1}
  m_LocalPosition: {x: 0, y: 0, z: 0}
  m_LocalScale: {x: 1, y: 1, z: 1}
  m_Children: []
  m_Father: {fileID: 0}
  m_RootOrder: 5
  m_LocalEulerAnglesHint: {x: 0, y: 0, z: 0}
--- !u!1001 &1819501781
Prefab:
  m_ObjectHideFlags: 0
  serializedVersion: 2
  m_Modification:
    m_TransformParent: {fileID: 0}
    m_Modifications:
    - target: {fileID: 4407994347757048, guid: f46208189dea9674f8ee21c5aa4693fa, type: 2}
      propertyPath: m_LocalPosition.x
      value: 0
      objectReference: {fileID: 0}
    - target: {fileID: 4407994347757048, guid: f46208189dea9674f8ee21c5aa4693fa, type: 2}
      propertyPath: m_LocalPosition.y
      value: 0
      objectReference: {fileID: 0}
    - target: {fileID: 4407994347757048, guid: f46208189dea9674f8ee21c5aa4693fa, type: 2}
      propertyPath: m_LocalPosition.z
      value: 0
      objectReference: {fileID: 0}
    - target: {fileID: 4407994347757048, guid: f46208189dea9674f8ee21c5aa4693fa, type: 2}
      propertyPath: m_LocalRotation.x
      value: 0
      objectReference: {fileID: 0}
    - target: {fileID: 4407994347757048, guid: f46208189dea9674f8ee21c5aa4693fa, type: 2}
      propertyPath: m_LocalRotation.y
      value: 0
      objectReference: {fileID: 0}
    - target: {fileID: 4407994347757048, guid: f46208189dea9674f8ee21c5aa4693fa, type: 2}
      propertyPath: m_LocalRotation.z
      value: 0
      objectReference: {fileID: 0}
    - target: {fileID: 4407994347757048, guid: f46208189dea9674f8ee21c5aa4693fa, type: 2}
      propertyPath: m_LocalRotation.w
      value: 1
      objectReference: {fileID: 0}
    - target: {fileID: 4407994347757048, guid: f46208189dea9674f8ee21c5aa4693fa, type: 2}
      propertyPath: m_RootOrder
      value: 6
      objectReference: {fileID: 0}
    - target: {fileID: 114150335988627280, guid: f46208189dea9674f8ee21c5aa4693fa,
        type: 2}
      propertyPath: Cloud
      value: 
      objectReference: {fileID: 2053167777}
    - target: {fileID: 114186951222651164, guid: f46208189dea9674f8ee21c5aa4693fa,
        type: 2}
      propertyPath: Cloud
      value: 
      objectReference: {fileID: 2053167777}
    - target: {fileID: 114337199149755950, guid: f46208189dea9674f8ee21c5aa4693fa,
        type: 2}
      propertyPath: Cloud
      value: 
      objectReference: {fileID: 2053167777}
    - target: {fileID: 114723969843969386, guid: f46208189dea9674f8ee21c5aa4693fa,
        type: 2}
      propertyPath: Cloud
      value: 
      objectReference: {fileID: 2053167777}
    - target: {fileID: 114446133467886016, guid: f46208189dea9674f8ee21c5aa4693fa,
        type: 2}
      propertyPath: Cloud
      value: 
      objectReference: {fileID: 2053167777}
    - target: {fileID: 114941038279229882, guid: f46208189dea9674f8ee21c5aa4693fa,
        type: 2}
      propertyPath: Cloud
      value: 
      objectReference: {fileID: 2053167777}
    - target: {fileID: 114616128177694190, guid: f46208189dea9674f8ee21c5aa4693fa,
        type: 2}
      propertyPath: Cloud
      value: 
      objectReference: {fileID: 2053167777}
    - target: {fileID: 114397871360331748, guid: f46208189dea9674f8ee21c5aa4693fa,
        type: 2}
      propertyPath: Cloud
      value: 
      objectReference: {fileID: 2053167777}
    - target: {fileID: 65244080594966386, guid: f46208189dea9674f8ee21c5aa4693fa,
        type: 2}
      propertyPath: m_Material
      value: 
      objectReference: {fileID: 0}
    - target: {fileID: 65329829027849604, guid: f46208189dea9674f8ee21c5aa4693fa,
        type: 2}
      propertyPath: m_Material
      value: 
      objectReference: {fileID: 0}
    - target: {fileID: 65175569042806054, guid: f46208189dea9674f8ee21c5aa4693fa,
        type: 2}
      propertyPath: m_Material
      value: 
      objectReference: {fileID: 0}
    - target: {fileID: 65894561839242790, guid: f46208189dea9674f8ee21c5aa4693fa,
        type: 2}
      propertyPath: m_Material
      value: 
      objectReference: {fileID: 0}
    - target: {fileID: 65049246945901386, guid: f46208189dea9674f8ee21c5aa4693fa,
        type: 2}
      propertyPath: m_Material
      value: 
      objectReference: {fileID: 0}
    - target: {fileID: 65719436324154234, guid: f46208189dea9674f8ee21c5aa4693fa,
        type: 2}
      propertyPath: m_Material
      value: 
      objectReference: {fileID: 0}
    - target: {fileID: 65450202513355568, guid: f46208189dea9674f8ee21c5aa4693fa,
        type: 2}
      propertyPath: m_Material
      value: 
      objectReference: {fileID: 0}
    - target: {fileID: 65041343924950188, guid: f46208189dea9674f8ee21c5aa4693fa,
        type: 2}
      propertyPath: m_Material
      value: 
      objectReference: {fileID: 0}
    - target: {fileID: 65207342056612810, guid: f46208189dea9674f8ee21c5aa4693fa,
        type: 2}
      propertyPath: m_Material
      value: 
      objectReference: {fileID: 0}
    - target: {fileID: 65007056372448796, guid: f46208189dea9674f8ee21c5aa4693fa,
        type: 2}
      propertyPath: m_Material
      value: 
      objectReference: {fileID: 0}
    - target: {fileID: 65616656366672052, guid: f46208189dea9674f8ee21c5aa4693fa,
        type: 2}
      propertyPath: m_Material
      value: 
      objectReference: {fileID: 0}
    - target: {fileID: 65051271627377444, guid: f46208189dea9674f8ee21c5aa4693fa,
        type: 2}
      propertyPath: m_Material
      value: 
      objectReference: {fileID: 0}
    - target: {fileID: 65967581730970562, guid: f46208189dea9674f8ee21c5aa4693fa,
        type: 2}
      propertyPath: m_Material
      value: 
      objectReference: {fileID: 0}
    - target: {fileID: 65040112878563956, guid: f46208189dea9674f8ee21c5aa4693fa,
        type: 2}
      propertyPath: m_Material
      value: 
      objectReference: {fileID: 0}
    - target: {fileID: 65908511662438546, guid: f46208189dea9674f8ee21c5aa4693fa,
        type: 2}
      propertyPath: m_Material
      value: 
      objectReference: {fileID: 0}
    - target: {fileID: 65435380815637124, guid: f46208189dea9674f8ee21c5aa4693fa,
        type: 2}
      propertyPath: m_Material
      value: 
      objectReference: {fileID: 0}
    - target: {fileID: 65986499659166620, guid: f46208189dea9674f8ee21c5aa4693fa,
        type: 2}
      propertyPath: m_Material
      value: 
      objectReference: {fileID: 0}
    - target: {fileID: 65080423277594484, guid: f46208189dea9674f8ee21c5aa4693fa,
        type: 2}
      propertyPath: m_Material
      value: 
      objectReference: {fileID: 0}
    - target: {fileID: 65274754830174128, guid: f46208189dea9674f8ee21c5aa4693fa,
        type: 2}
      propertyPath: m_Material
      value: 
      objectReference: {fileID: 0}
    - target: {fileID: 65964848747597604, guid: f46208189dea9674f8ee21c5aa4693fa,
        type: 2}
      propertyPath: m_Material
      value: 
      objectReference: {fileID: 0}
    - target: {fileID: 65907551842587142, guid: f46208189dea9674f8ee21c5aa4693fa,
        type: 2}
      propertyPath: m_Material
      value: 
      objectReference: {fileID: 0}
    - target: {fileID: 65292936819726342, guid: f46208189dea9674f8ee21c5aa4693fa,
        type: 2}
      propertyPath: m_Material
      value: 
      objectReference: {fileID: 0}
    - target: {fileID: 65198962578686052, guid: f46208189dea9674f8ee21c5aa4693fa,
        type: 2}
      propertyPath: m_Material
      value: 
      objectReference: {fileID: 0}
    - target: {fileID: 65652568124346310, guid: f46208189dea9674f8ee21c5aa4693fa,
        type: 2}
      propertyPath: m_Material
      value: 
      objectReference: {fileID: 0}
    - target: {fileID: 65947293338853670, guid: f46208189dea9674f8ee21c5aa4693fa,
        type: 2}
      propertyPath: m_Material
      value: 
      objectReference: {fileID: 0}
    - target: {fileID: 65180480462513750, guid: f46208189dea9674f8ee21c5aa4693fa,
        type: 2}
      propertyPath: m_Material
      value: 
      objectReference: {fileID: 0}
    - target: {fileID: 65918431514545304, guid: f46208189dea9674f8ee21c5aa4693fa,
        type: 2}
      propertyPath: m_Material
      value: 
      objectReference: {fileID: 0}
    - target: {fileID: 65014593772365938, guid: f46208189dea9674f8ee21c5aa4693fa,
        type: 2}
      propertyPath: m_Material
      value: 
      objectReference: {fileID: 0}
    - target: {fileID: 65904683271425858, guid: f46208189dea9674f8ee21c5aa4693fa,
        type: 2}
      propertyPath: m_Material
      value: 
      objectReference: {fileID: 0}
    - target: {fileID: 65619386488661178, guid: f46208189dea9674f8ee21c5aa4693fa,
        type: 2}
      propertyPath: m_Material
      value: 
      objectReference: {fileID: 0}
    - target: {fileID: 65734996429868078, guid: f46208189dea9674f8ee21c5aa4693fa,
        type: 2}
      propertyPath: m_Material
      value: 
      objectReference: {fileID: 0}
    - target: {fileID: 65173401427199678, guid: f46208189dea9674f8ee21c5aa4693fa,
        type: 2}
      propertyPath: m_Material
      value: 
      objectReference: {fileID: 0}
    - target: {fileID: 65750303396083692, guid: f46208189dea9674f8ee21c5aa4693fa,
        type: 2}
      propertyPath: m_Material
      value: 
      objectReference: {fileID: 0}
    - target: {fileID: 65724406122558676, guid: f46208189dea9674f8ee21c5aa4693fa,
        type: 2}
      propertyPath: m_Material
      value: 
      objectReference: {fileID: 0}
    - target: {fileID: 65003784878342500, guid: f46208189dea9674f8ee21c5aa4693fa,
        type: 2}
      propertyPath: m_Material
      value: 
      objectReference: {fileID: 0}
    - target: {fileID: 65079826836622344, guid: f46208189dea9674f8ee21c5aa4693fa,
        type: 2}
      propertyPath: m_Material
      value: 
      objectReference: {fileID: 0}
    - target: {fileID: 65513791174168610, guid: f46208189dea9674f8ee21c5aa4693fa,
        type: 2}
      propertyPath: m_Material
      value: 
      objectReference: {fileID: 0}
    - target: {fileID: 65466238435648804, guid: f46208189dea9674f8ee21c5aa4693fa,
        type: 2}
      propertyPath: m_Material
      value: 
      objectReference: {fileID: 0}
    - target: {fileID: 65287465097291378, guid: f46208189dea9674f8ee21c5aa4693fa,
        type: 2}
      propertyPath: m_Material
      value: 
      objectReference: {fileID: 0}
    - target: {fileID: 65269990233773254, guid: f46208189dea9674f8ee21c5aa4693fa,
        type: 2}
      propertyPath: m_Material
      value: 
      objectReference: {fileID: 0}
    - target: {fileID: 65997773818280714, guid: f46208189dea9674f8ee21c5aa4693fa,
        type: 2}
      propertyPath: m_Material
      value: 
      objectReference: {fileID: 0}
    - target: {fileID: 65840791784372854, guid: f46208189dea9674f8ee21c5aa4693fa,
        type: 2}
      propertyPath: m_Material
      value: 
      objectReference: {fileID: 0}
    - target: {fileID: 65802261722974558, guid: f46208189dea9674f8ee21c5aa4693fa,
        type: 2}
      propertyPath: m_Material
      value: 
      objectReference: {fileID: 0}
    - target: {fileID: 65982716417826692, guid: f46208189dea9674f8ee21c5aa4693fa,
        type: 2}
      propertyPath: m_Material
      value: 
      objectReference: {fileID: 0}
    - target: {fileID: 65296118703440360, guid: f46208189dea9674f8ee21c5aa4693fa,
        type: 2}
      propertyPath: m_Material
      value: 
      objectReference: {fileID: 0}
    - target: {fileID: 65658275043104600, guid: f46208189dea9674f8ee21c5aa4693fa,
        type: 2}
      propertyPath: m_Material
      value: 
      objectReference: {fileID: 0}
    - target: {fileID: 65753657038647738, guid: f46208189dea9674f8ee21c5aa4693fa,
        type: 2}
      propertyPath: m_Material
      value: 
      objectReference: {fileID: 0}
    - target: {fileID: 65836633386823810, guid: f46208189dea9674f8ee21c5aa4693fa,
        type: 2}
      propertyPath: m_Material
      value: 
      objectReference: {fileID: 0}
    - target: {fileID: 65856057572272718, guid: f46208189dea9674f8ee21c5aa4693fa,
        type: 2}
      propertyPath: m_Material
      value: 
      objectReference: {fileID: 0}
    - target: {fileID: 65502459349602540, guid: f46208189dea9674f8ee21c5aa4693fa,
        type: 2}
      propertyPath: m_Material
      value: 
      objectReference: {fileID: 0}
    - target: {fileID: 65838006323743960, guid: f46208189dea9674f8ee21c5aa4693fa,
        type: 2}
      propertyPath: m_Material
      value: 
      objectReference: {fileID: 0}
    - target: {fileID: 65790449148887920, guid: f46208189dea9674f8ee21c5aa4693fa,
        type: 2}
      propertyPath: m_Material
      value: 
      objectReference: {fileID: 0}
    - target: {fileID: 65381230563872560, guid: f46208189dea9674f8ee21c5aa4693fa,
        type: 2}
      propertyPath: m_Material
      value: 
      objectReference: {fileID: 0}
    - target: {fileID: 65817315126575776, guid: f46208189dea9674f8ee21c5aa4693fa,
        type: 2}
      propertyPath: m_Material
      value: 
      objectReference: {fileID: 0}
    - target: {fileID: 65838827475765950, guid: f46208189dea9674f8ee21c5aa4693fa,
        type: 2}
      propertyPath: m_Material
      value: 
      objectReference: {fileID: 0}
    - target: {fileID: 65105430204009136, guid: f46208189dea9674f8ee21c5aa4693fa,
        type: 2}
      propertyPath: m_Material
      value: 
      objectReference: {fileID: 0}
    - target: {fileID: 65703822500511394, guid: f46208189dea9674f8ee21c5aa4693fa,
        type: 2}
      propertyPath: m_Material
      value: 
      objectReference: {fileID: 0}
    - target: {fileID: 65427155017268510, guid: f46208189dea9674f8ee21c5aa4693fa,
        type: 2}
      propertyPath: m_Material
      value: 
      objectReference: {fileID: 0}
    - target: {fileID: 65042895858363416, guid: f46208189dea9674f8ee21c5aa4693fa,
        type: 2}
      propertyPath: m_Material
      value: 
      objectReference: {fileID: 0}
    - target: {fileID: 65322475765653982, guid: f46208189dea9674f8ee21c5aa4693fa,
        type: 2}
      propertyPath: m_Material
      value: 
      objectReference: {fileID: 0}
    - target: {fileID: 65030956226280826, guid: f46208189dea9674f8ee21c5aa4693fa,
        type: 2}
      propertyPath: m_Material
      value: 
      objectReference: {fileID: 0}
    - target: {fileID: 65679232694494108, guid: f46208189dea9674f8ee21c5aa4693fa,
        type: 2}
      propertyPath: m_Material
      value: 
      objectReference: {fileID: 0}
    - target: {fileID: 65265193432423160, guid: f46208189dea9674f8ee21c5aa4693fa,
        type: 2}
      propertyPath: m_Material
      value: 
      objectReference: {fileID: 0}
    - target: {fileID: 65757661355970956, guid: f46208189dea9674f8ee21c5aa4693fa,
        type: 2}
      propertyPath: m_Material
      value: 
      objectReference: {fileID: 0}
    - target: {fileID: 65058053528080198, guid: f46208189dea9674f8ee21c5aa4693fa,
        type: 2}
      propertyPath: m_Material
      value: 
      objectReference: {fileID: 0}
    - target: {fileID: 65800322324877844, guid: f46208189dea9674f8ee21c5aa4693fa,
        type: 2}
      propertyPath: m_Material
      value: 
      objectReference: {fileID: 0}
    - target: {fileID: 65421313713906418, guid: f46208189dea9674f8ee21c5aa4693fa,
        type: 2}
      propertyPath: m_Material
      value: 
      objectReference: {fileID: 0}
    - target: {fileID: 65330255461905756, guid: f46208189dea9674f8ee21c5aa4693fa,
        type: 2}
      propertyPath: m_Material
      value: 
      objectReference: {fileID: 0}
    - target: {fileID: 65968888680568120, guid: f46208189dea9674f8ee21c5aa4693fa,
        type: 2}
      propertyPath: m_Material
      value: 
      objectReference: {fileID: 0}
    - target: {fileID: 65007743322181454, guid: f46208189dea9674f8ee21c5aa4693fa,
        type: 2}
      propertyPath: m_Material
      value: 
      objectReference: {fileID: 0}
    - target: {fileID: 65336494710166630, guid: f46208189dea9674f8ee21c5aa4693fa,
        type: 2}
      propertyPath: m_Material
      value: 
      objectReference: {fileID: 0}
    - target: {fileID: 65056522151265370, guid: f46208189dea9674f8ee21c5aa4693fa,
        type: 2}
      propertyPath: m_Material
      value: 
      objectReference: {fileID: 0}
    - target: {fileID: 65270010130009668, guid: f46208189dea9674f8ee21c5aa4693fa,
        type: 2}
      propertyPath: m_Material
      value: 
      objectReference: {fileID: 0}
    - target: {fileID: 65060212937797156, guid: f46208189dea9674f8ee21c5aa4693fa,
        type: 2}
      propertyPath: m_Material
      value: 
      objectReference: {fileID: 0}
    - target: {fileID: 65955929157539866, guid: f46208189dea9674f8ee21c5aa4693fa,
        type: 2}
      propertyPath: m_Material
      value: 
      objectReference: {fileID: 0}
    - target: {fileID: 65385186383802590, guid: f46208189dea9674f8ee21c5aa4693fa,
        type: 2}
      propertyPath: m_Material
      value: 
      objectReference: {fileID: 0}
    - target: {fileID: 65722696051875992, guid: f46208189dea9674f8ee21c5aa4693fa,
        type: 2}
      propertyPath: m_Material
      value: 
      objectReference: {fileID: 0}
    - target: {fileID: 65013274888903632, guid: f46208189dea9674f8ee21c5aa4693fa,
        type: 2}
      propertyPath: m_Material
      value: 
      objectReference: {fileID: 0}
    - target: {fileID: 65144438893283784, guid: f46208189dea9674f8ee21c5aa4693fa,
        type: 2}
      propertyPath: m_Material
      value: 
      objectReference: {fileID: 0}
    - target: {fileID: 65139504658913780, guid: f46208189dea9674f8ee21c5aa4693fa,
        type: 2}
      propertyPath: m_Material
      value: 
      objectReference: {fileID: 0}
    - target: {fileID: 65161073582594320, guid: f46208189dea9674f8ee21c5aa4693fa,
        type: 2}
      propertyPath: m_Material
      value: 
      objectReference: {fileID: 0}
    - target: {fileID: 65333021831788826, guid: f46208189dea9674f8ee21c5aa4693fa,
        type: 2}
      propertyPath: m_Material
      value: 
      objectReference: {fileID: 0}
    - target: {fileID: 65438149101733480, guid: f46208189dea9674f8ee21c5aa4693fa,
        type: 2}
      propertyPath: m_Material
      value: 
      objectReference: {fileID: 0}
    - target: {fileID: 65367234661816470, guid: f46208189dea9674f8ee21c5aa4693fa,
        type: 2}
      propertyPath: m_Material
      value: 
      objectReference: {fileID: 0}
    - target: {fileID: 65491730742350042, guid: f46208189dea9674f8ee21c5aa4693fa,
        type: 2}
      propertyPath: m_Material
      value: 
      objectReference: {fileID: 0}
    - target: {fileID: 65161258103573914, guid: f46208189dea9674f8ee21c5aa4693fa,
        type: 2}
      propertyPath: m_Material
      value: 
      objectReference: {fileID: 0}
    - target: {fileID: 65789395647586602, guid: f46208189dea9674f8ee21c5aa4693fa,
        type: 2}
      propertyPath: m_Material
      value: 
      objectReference: {fileID: 0}
    - target: {fileID: 65117765040488768, guid: f46208189dea9674f8ee21c5aa4693fa,
        type: 2}
      propertyPath: m_Material
      value: 
      objectReference: {fileID: 0}
    - target: {fileID: 65822824381969202, guid: f46208189dea9674f8ee21c5aa4693fa,
        type: 2}
      propertyPath: m_Material
      value: 
      objectReference: {fileID: 0}
    - target: {fileID: 65251793542809332, guid: f46208189dea9674f8ee21c5aa4693fa,
        type: 2}
      propertyPath: m_Material
      value: 
      objectReference: {fileID: 0}
    - target: {fileID: 65675206237825312, guid: f46208189dea9674f8ee21c5aa4693fa,
        type: 2}
      propertyPath: m_Material
      value: 
      objectReference: {fileID: 0}
    - target: {fileID: 65748514435893346, guid: f46208189dea9674f8ee21c5aa4693fa,
        type: 2}
      propertyPath: m_Material
      value: 
      objectReference: {fileID: 0}
    - target: {fileID: 65294578568704386, guid: f46208189dea9674f8ee21c5aa4693fa,
        type: 2}
      propertyPath: m_Material
      value: 
      objectReference: {fileID: 0}
    - target: {fileID: 65571415699495214, guid: f46208189dea9674f8ee21c5aa4693fa,
        type: 2}
      propertyPath: m_Material
      value: 
      objectReference: {fileID: 0}
    - target: {fileID: 65207315079172592, guid: f46208189dea9674f8ee21c5aa4693fa,
        type: 2}
      propertyPath: m_Material
      value: 
      objectReference: {fileID: 0}
    - target: {fileID: 65379613153622624, guid: f46208189dea9674f8ee21c5aa4693fa,
        type: 2}
      propertyPath: m_Material
      value: 
      objectReference: {fileID: 0}
    - target: {fileID: 65001691892317342, guid: f46208189dea9674f8ee21c5aa4693fa,
        type: 2}
      propertyPath: m_Material
      value: 
      objectReference: {fileID: 0}
    - target: {fileID: 65856937169417406, guid: f46208189dea9674f8ee21c5aa4693fa,
        type: 2}
      propertyPath: m_Material
      value: 
      objectReference: {fileID: 0}
    - target: {fileID: 65619934808296714, guid: f46208189dea9674f8ee21c5aa4693fa,
        type: 2}
      propertyPath: m_Material
      value: 
      objectReference: {fileID: 0}
    - target: {fileID: 65737510210199912, guid: f46208189dea9674f8ee21c5aa4693fa,
        type: 2}
      propertyPath: m_Material
      value: 
      objectReference: {fileID: 0}
    - target: {fileID: 65670747120591780, guid: f46208189dea9674f8ee21c5aa4693fa,
        type: 2}
      propertyPath: m_Material
      value: 
      objectReference: {fileID: 0}
    - target: {fileID: 65409153207290036, guid: f46208189dea9674f8ee21c5aa4693fa,
        type: 2}
      propertyPath: m_Material
      value: 
      objectReference: {fileID: 0}
    - target: {fileID: 65805889417084810, guid: f46208189dea9674f8ee21c5aa4693fa,
        type: 2}
      propertyPath: m_Material
      value: 
      objectReference: {fileID: 0}
    - target: {fileID: 65993203182687238, guid: f46208189dea9674f8ee21c5aa4693fa,
        type: 2}
      propertyPath: m_Material
      value: 
      objectReference: {fileID: 0}
    - target: {fileID: 65811740855902626, guid: f46208189dea9674f8ee21c5aa4693fa,
        type: 2}
      propertyPath: m_Material
      value: 
      objectReference: {fileID: 0}
    - target: {fileID: 65056971829953884, guid: f46208189dea9674f8ee21c5aa4693fa,
        type: 2}
      propertyPath: m_Material
      value: 
      objectReference: {fileID: 0}
    - target: {fileID: 65144004173517916, guid: f46208189dea9674f8ee21c5aa4693fa,
        type: 2}
      propertyPath: m_Material
      value: 
      objectReference: {fileID: 0}
    - target: {fileID: 65570837054280734, guid: f46208189dea9674f8ee21c5aa4693fa,
        type: 2}
      propertyPath: m_Material
      value: 
      objectReference: {fileID: 0}
    - target: {fileID: 65758667773896304, guid: f46208189dea9674f8ee21c5aa4693fa,
        type: 2}
      propertyPath: m_Material
      value: 
      objectReference: {fileID: 0}
    - target: {fileID: 65871663097851122, guid: f46208189dea9674f8ee21c5aa4693fa,
        type: 2}
      propertyPath: m_Material
      value: 
      objectReference: {fileID: 0}
    - target: {fileID: 65610936331372928, guid: f46208189dea9674f8ee21c5aa4693fa,
        type: 2}
      propertyPath: m_Material
      value: 
      objectReference: {fileID: 0}
    - target: {fileID: 65167383725611862, guid: f46208189dea9674f8ee21c5aa4693fa,
        type: 2}
      propertyPath: m_Material
      value: 
      objectReference: {fileID: 0}
    - target: {fileID: 65847469761108702, guid: f46208189dea9674f8ee21c5aa4693fa,
        type: 2}
      propertyPath: m_Material
      value: 
      objectReference: {fileID: 0}
    - target: {fileID: 65799831994157514, guid: f46208189dea9674f8ee21c5aa4693fa,
        type: 2}
      propertyPath: m_Material
      value: 
      objectReference: {fileID: 0}
    - target: {fileID: 65041418630051878, guid: f46208189dea9674f8ee21c5aa4693fa,
        type: 2}
      propertyPath: m_Material
      value: 
      objectReference: {fileID: 0}
    - target: {fileID: 65333930882075636, guid: f46208189dea9674f8ee21c5aa4693fa,
        type: 2}
      propertyPath: m_Material
      value: 
      objectReference: {fileID: 0}
    - target: {fileID: 65310337693726678, guid: f46208189dea9674f8ee21c5aa4693fa,
        type: 2}
      propertyPath: m_Material
      value: 
      objectReference: {fileID: 0}
    - target: {fileID: 65003606690701930, guid: f46208189dea9674f8ee21c5aa4693fa,
        type: 2}
      propertyPath: m_Material
      value: 
      objectReference: {fileID: 0}
    - target: {fileID: 65235317661399800, guid: f46208189dea9674f8ee21c5aa4693fa,
        type: 2}
      propertyPath: m_Material
      value: 
      objectReference: {fileID: 0}
    - target: {fileID: 65572351891576090, guid: f46208189dea9674f8ee21c5aa4693fa,
        type: 2}
      propertyPath: m_Material
      value: 
      objectReference: {fileID: 0}
    - target: {fileID: 65987492790199240, guid: f46208189dea9674f8ee21c5aa4693fa,
        type: 2}
      propertyPath: m_Material
      value: 
      objectReference: {fileID: 0}
    - target: {fileID: 65232876245491234, guid: f46208189dea9674f8ee21c5aa4693fa,
        type: 2}
      propertyPath: m_Material
      value: 
      objectReference: {fileID: 0}
    - target: {fileID: 65618678603706514, guid: f46208189dea9674f8ee21c5aa4693fa,
        type: 2}
      propertyPath: m_Material
      value: 
      objectReference: {fileID: 0}
    - target: {fileID: 65925602449693932, guid: f46208189dea9674f8ee21c5aa4693fa,
        type: 2}
      propertyPath: m_Material
      value: 
      objectReference: {fileID: 0}
    - target: {fileID: 65213169411613038, guid: f46208189dea9674f8ee21c5aa4693fa,
        type: 2}
      propertyPath: m_Material
      value: 
      objectReference: {fileID: 0}
    - target: {fileID: 65484399989216158, guid: f46208189dea9674f8ee21c5aa4693fa,
        type: 2}
      propertyPath: m_Material
      value: 
      objectReference: {fileID: 0}
    - target: {fileID: 65009353930245468, guid: f46208189dea9674f8ee21c5aa4693fa,
        type: 2}
      propertyPath: m_Material
      value: 
      objectReference: {fileID: 0}
    - target: {fileID: 65655778201409564, guid: f46208189dea9674f8ee21c5aa4693fa,
        type: 2}
      propertyPath: m_Material
      value: 
      objectReference: {fileID: 0}
    - target: {fileID: 65188976207757724, guid: f46208189dea9674f8ee21c5aa4693fa,
        type: 2}
      propertyPath: m_Material
      value: 
      objectReference: {fileID: 0}
    - target: {fileID: 65056532720077190, guid: f46208189dea9674f8ee21c5aa4693fa,
        type: 2}
      propertyPath: m_Material
      value: 
      objectReference: {fileID: 0}
    - target: {fileID: 65920153344514432, guid: f46208189dea9674f8ee21c5aa4693fa,
        type: 2}
      propertyPath: m_Material
      value: 
      objectReference: {fileID: 0}
    - target: {fileID: 65999525271365578, guid: f46208189dea9674f8ee21c5aa4693fa,
        type: 2}
      propertyPath: m_Material
      value: 
      objectReference: {fileID: 0}
    - target: {fileID: 65969042470699008, guid: f46208189dea9674f8ee21c5aa4693fa,
        type: 2}
      propertyPath: m_Material
      value: 
      objectReference: {fileID: 0}
    - target: {fileID: 65178657587802340, guid: f46208189dea9674f8ee21c5aa4693fa,
        type: 2}
      propertyPath: m_Material
      value: 
      objectReference: {fileID: 0}
    - target: {fileID: 65276408940408514, guid: f46208189dea9674f8ee21c5aa4693fa,
        type: 2}
      propertyPath: m_Material
      value: 
      objectReference: {fileID: 0}
    - target: {fileID: 65710096066530028, guid: f46208189dea9674f8ee21c5aa4693fa,
        type: 2}
      propertyPath: m_Material
      value: 
      objectReference: {fileID: 0}
    - target: {fileID: 65888885355535912, guid: f46208189dea9674f8ee21c5aa4693fa,
        type: 2}
      propertyPath: m_Material
      value: 
      objectReference: {fileID: 0}
    - target: {fileID: 65992544526608852, guid: f46208189dea9674f8ee21c5aa4693fa,
        type: 2}
      propertyPath: m_Material
      value: 
      objectReference: {fileID: 0}
    - target: {fileID: 65602415864326920, guid: f46208189dea9674f8ee21c5aa4693fa,
        type: 2}
      propertyPath: m_Material
      value: 
      objectReference: {fileID: 0}
    - target: {fileID: 65567080733582618, guid: f46208189dea9674f8ee21c5aa4693fa,
        type: 2}
      propertyPath: m_Material
      value: 
      objectReference: {fileID: 0}
    - target: {fileID: 65711209381621284, guid: f46208189dea9674f8ee21c5aa4693fa,
        type: 2}
      propertyPath: m_Material
      value: 
      objectReference: {fileID: 0}
    - target: {fileID: 65310340688298138, guid: f46208189dea9674f8ee21c5aa4693fa,
        type: 2}
      propertyPath: m_Material
      value: 
      objectReference: {fileID: 0}
    - target: {fileID: 65753585382657234, guid: f46208189dea9674f8ee21c5aa4693fa,
        type: 2}
      propertyPath: m_Material
      value: 
      objectReference: {fileID: 0}
    - target: {fileID: 65861182168519066, guid: f46208189dea9674f8ee21c5aa4693fa,
        type: 2}
      propertyPath: m_Material
      value: 
      objectReference: {fileID: 0}
    - target: {fileID: 65310732946623870, guid: f46208189dea9674f8ee21c5aa4693fa,
        type: 2}
      propertyPath: m_Material
      value: 
      objectReference: {fileID: 0}
    - target: {fileID: 65813372763749540, guid: f46208189dea9674f8ee21c5aa4693fa,
        type: 2}
      propertyPath: m_Material
      value: 
      objectReference: {fileID: 0}
    - target: {fileID: 65921573909123214, guid: f46208189dea9674f8ee21c5aa4693fa,
        type: 2}
      propertyPath: m_Material
      value: 
      objectReference: {fileID: 0}
    - target: {fileID: 65699319209164468, guid: f46208189dea9674f8ee21c5aa4693fa,
        type: 2}
      propertyPath: m_Material
      value: 
      objectReference: {fileID: 0}
    - target: {fileID: 65027331198884248, guid: f46208189dea9674f8ee21c5aa4693fa,
        type: 2}
      propertyPath: m_Material
      value: 
      objectReference: {fileID: 0}
    - target: {fileID: 65480388040151020, guid: f46208189dea9674f8ee21c5aa4693fa,
        type: 2}
      propertyPath: m_Material
      value: 
      objectReference: {fileID: 0}
    - target: {fileID: 65289951708981658, guid: f46208189dea9674f8ee21c5aa4693fa,
        type: 2}
      propertyPath: m_Material
      value: 
      objectReference: {fileID: 0}
    - target: {fileID: 65636438512650762, guid: f46208189dea9674f8ee21c5aa4693fa,
        type: 2}
      propertyPath: m_Material
      value: 
      objectReference: {fileID: 0}
    - target: {fileID: 65758148774433684, guid: f46208189dea9674f8ee21c5aa4693fa,
        type: 2}
      propertyPath: m_Material
      value: 
      objectReference: {fileID: 0}
    - target: {fileID: 65167834073779510, guid: f46208189dea9674f8ee21c5aa4693fa,
        type: 2}
      propertyPath: m_Material
      value: 
      objectReference: {fileID: 0}
    - target: {fileID: 65404971532492558, guid: f46208189dea9674f8ee21c5aa4693fa,
        type: 2}
      propertyPath: m_Material
      value: 
      objectReference: {fileID: 0}
    - target: {fileID: 65741152294667742, guid: f46208189dea9674f8ee21c5aa4693fa,
        type: 2}
      propertyPath: m_Material
      value: 
      objectReference: {fileID: 0}
    - target: {fileID: 65576527588935408, guid: f46208189dea9674f8ee21c5aa4693fa,
        type: 2}
      propertyPath: m_Material
      value: 
      objectReference: {fileID: 0}
    - target: {fileID: 65942556572509414, guid: f46208189dea9674f8ee21c5aa4693fa,
        type: 2}
      propertyPath: m_Material
      value: 
      objectReference: {fileID: 0}
    - target: {fileID: 65273121663312958, guid: f46208189dea9674f8ee21c5aa4693fa,
        type: 2}
      propertyPath: m_Material
      value: 
      objectReference: {fileID: 0}
    - target: {fileID: 65810414372967914, guid: f46208189dea9674f8ee21c5aa4693fa,
        type: 2}
      propertyPath: m_Material
      value: 
      objectReference: {fileID: 0}
    - target: {fileID: 65082926710456924, guid: f46208189dea9674f8ee21c5aa4693fa,
        type: 2}
      propertyPath: m_Material
      value: 
      objectReference: {fileID: 0}
    - target: {fileID: 65373503843275740, guid: f46208189dea9674f8ee21c5aa4693fa,
        type: 2}
      propertyPath: m_Material
      value: 
      objectReference: {fileID: 0}
    - target: {fileID: 65136396839045722, guid: f46208189dea9674f8ee21c5aa4693fa,
        type: 2}
      propertyPath: m_Material
      value: 
      objectReference: {fileID: 0}
    - target: {fileID: 65373634588668022, guid: f46208189dea9674f8ee21c5aa4693fa,
        type: 2}
      propertyPath: m_Material
      value: 
      objectReference: {fileID: 0}
    - target: {fileID: 65246643098945756, guid: f46208189dea9674f8ee21c5aa4693fa,
        type: 2}
      propertyPath: m_Material
      value: 
      objectReference: {fileID: 0}
    - target: {fileID: 65666291415171494, guid: f46208189dea9674f8ee21c5aa4693fa,
        type: 2}
      propertyPath: m_Material
      value: 
      objectReference: {fileID: 0}
    - target: {fileID: 65249067864311394, guid: f46208189dea9674f8ee21c5aa4693fa,
        type: 2}
      propertyPath: m_Material
      value: 
      objectReference: {fileID: 0}
    - target: {fileID: 65809664464874334, guid: f46208189dea9674f8ee21c5aa4693fa,
        type: 2}
      propertyPath: m_Material
      value: 
      objectReference: {fileID: 0}
    - target: {fileID: 65536863309467204, guid: f46208189dea9674f8ee21c5aa4693fa,
        type: 2}
      propertyPath: m_Material
      value: 
      objectReference: {fileID: 0}
    - target: {fileID: 65027686839998418, guid: f46208189dea9674f8ee21c5aa4693fa,
        type: 2}
      propertyPath: m_Material
      value: 
      objectReference: {fileID: 0}
    - target: {fileID: 65506271018514500, guid: f46208189dea9674f8ee21c5aa4693fa,
        type: 2}
      propertyPath: m_Material
      value: 
      objectReference: {fileID: 0}
    - target: {fileID: 65258625471071854, guid: f46208189dea9674f8ee21c5aa4693fa,
        type: 2}
      propertyPath: m_Material
      value: 
      objectReference: {fileID: 0}
    - target: {fileID: 65166878409987096, guid: f46208189dea9674f8ee21c5aa4693fa,
        type: 2}
      propertyPath: m_Material
      value: 
      objectReference: {fileID: 0}
    - target: {fileID: 65888456619212910, guid: f46208189dea9674f8ee21c5aa4693fa,
        type: 2}
      propertyPath: m_Material
      value: 
      objectReference: {fileID: 0}
    - target: {fileID: 65317631450103758, guid: f46208189dea9674f8ee21c5aa4693fa,
        type: 2}
      propertyPath: m_Material
      value: 
      objectReference: {fileID: 0}
    - target: {fileID: 65902444627074430, guid: f46208189dea9674f8ee21c5aa4693fa,
        type: 2}
      propertyPath: m_Material
      value: 
      objectReference: {fileID: 0}
    - target: {fileID: 65933238926639444, guid: f46208189dea9674f8ee21c5aa4693fa,
        type: 2}
      propertyPath: m_Material
      value: 
      objectReference: {fileID: 0}
    - target: {fileID: 65958731590131434, guid: f46208189dea9674f8ee21c5aa4693fa,
        type: 2}
      propertyPath: m_Material
      value: 
      objectReference: {fileID: 0}
    - target: {fileID: 65186232809798328, guid: f46208189dea9674f8ee21c5aa4693fa,
        type: 2}
      propertyPath: m_Material
      value: 
      objectReference: {fileID: 0}
    - target: {fileID: 65101780065256048, guid: f46208189dea9674f8ee21c5aa4693fa,
        type: 2}
      propertyPath: m_Material
      value: 
      objectReference: {fileID: 0}
    - target: {fileID: 65489272708189648, guid: f46208189dea9674f8ee21c5aa4693fa,
        type: 2}
      propertyPath: m_Material
      value: 
      objectReference: {fileID: 0}
    - target: {fileID: 65285210948247294, guid: f46208189dea9674f8ee21c5aa4693fa,
        type: 2}
      propertyPath: m_Material
      value: 
      objectReference: {fileID: 0}
    - target: {fileID: 65732824427416684, guid: f46208189dea9674f8ee21c5aa4693fa,
        type: 2}
      propertyPath: m_Material
      value: 
      objectReference: {fileID: 0}
    - target: {fileID: 65320204001517112, guid: f46208189dea9674f8ee21c5aa4693fa,
        type: 2}
      propertyPath: m_Material
      value: 
      objectReference: {fileID: 0}
    - target: {fileID: 65596157274611742, guid: f46208189dea9674f8ee21c5aa4693fa,
        type: 2}
      propertyPath: m_Material
      value: 
      objectReference: {fileID: 0}
    - target: {fileID: 65203659946915102, guid: f46208189dea9674f8ee21c5aa4693fa,
        type: 2}
      propertyPath: m_Material
      value: 
      objectReference: {fileID: 0}
    - target: {fileID: 65349956543959930, guid: f46208189dea9674f8ee21c5aa4693fa,
        type: 2}
      propertyPath: m_Material
      value: 
      objectReference: {fileID: 0}
    - target: {fileID: 65618970513224798, guid: f46208189dea9674f8ee21c5aa4693fa,
        type: 2}
      propertyPath: m_Material
      value: 
      objectReference: {fileID: 0}
    - target: {fileID: 65174186950963814, guid: f46208189dea9674f8ee21c5aa4693fa,
        type: 2}
      propertyPath: m_Material
      value: 
      objectReference: {fileID: 0}
    - target: {fileID: 65453200942629030, guid: f46208189dea9674f8ee21c5aa4693fa,
        type: 2}
      propertyPath: m_Material
      value: 
      objectReference: {fileID: 0}
    - target: {fileID: 65874293432303804, guid: f46208189dea9674f8ee21c5aa4693fa,
        type: 2}
      propertyPath: m_Material
      value: 
      objectReference: {fileID: 0}
    - target: {fileID: 65094885657135782, guid: f46208189dea9674f8ee21c5aa4693fa,
        type: 2}
      propertyPath: m_Material
      value: 
      objectReference: {fileID: 0}
    - target: {fileID: 65646967470968220, guid: f46208189dea9674f8ee21c5aa4693fa,
        type: 2}
      propertyPath: m_Material
      value: 
      objectReference: {fileID: 0}
    - target: {fileID: 65467051439268086, guid: f46208189dea9674f8ee21c5aa4693fa,
        type: 2}
      propertyPath: m_Material
      value: 
      objectReference: {fileID: 0}
    - target: {fileID: 65455121946540798, guid: f46208189dea9674f8ee21c5aa4693fa,
        type: 2}
      propertyPath: m_Material
      value: 
      objectReference: {fileID: 0}
    - target: {fileID: 65024582734428614, guid: f46208189dea9674f8ee21c5aa4693fa,
        type: 2}
      propertyPath: m_Material
      value: 
      objectReference: {fileID: 0}
    - target: {fileID: 65066989473087442, guid: f46208189dea9674f8ee21c5aa4693fa,
        type: 2}
      propertyPath: m_Material
      value: 
      objectReference: {fileID: 0}
    - target: {fileID: 65626531733551528, guid: f46208189dea9674f8ee21c5aa4693fa,
        type: 2}
      propertyPath: m_Material
      value: 
      objectReference: {fileID: 0}
    - target: {fileID: 65689938055215596, guid: f46208189dea9674f8ee21c5aa4693fa,
        type: 2}
      propertyPath: m_Material
      value: 
      objectReference: {fileID: 0}
    - target: {fileID: 65332139652394854, guid: f46208189dea9674f8ee21c5aa4693fa,
        type: 2}
      propertyPath: m_Material
      value: 
      objectReference: {fileID: 0}
    - target: {fileID: 65306365049840404, guid: f46208189dea9674f8ee21c5aa4693fa,
        type: 2}
      propertyPath: m_Material
      value: 
      objectReference: {fileID: 0}
    - target: {fileID: 65459897701990208, guid: f46208189dea9674f8ee21c5aa4693fa,
        type: 2}
      propertyPath: m_Material
      value: 
      objectReference: {fileID: 0}
    - target: {fileID: 65234285098779206, guid: f46208189dea9674f8ee21c5aa4693fa,
        type: 2}
      propertyPath: m_Material
      value: 
      objectReference: {fileID: 0}
    - target: {fileID: 65618089275033296, guid: f46208189dea9674f8ee21c5aa4693fa,
        type: 2}
      propertyPath: m_Material
      value: 
      objectReference: {fileID: 0}
    - target: {fileID: 65025089476865800, guid: f46208189dea9674f8ee21c5aa4693fa,
        type: 2}
      propertyPath: m_Material
      value: 
      objectReference: {fileID: 0}
    - target: {fileID: 65641094716239880, guid: f46208189dea9674f8ee21c5aa4693fa,
        type: 2}
      propertyPath: m_Material
      value: 
      objectReference: {fileID: 0}
    - target: {fileID: 65221667607759510, guid: f46208189dea9674f8ee21c5aa4693fa,
        type: 2}
      propertyPath: m_Material
      value: 
      objectReference: {fileID: 0}
    - target: {fileID: 65263463259360600, guid: f46208189dea9674f8ee21c5aa4693fa,
        type: 2}
      propertyPath: m_Material
      value: 
      objectReference: {fileID: 0}
    - target: {fileID: 65465257230310120, guid: f46208189dea9674f8ee21c5aa4693fa,
        type: 2}
      propertyPath: m_Material
      value: 
      objectReference: {fileID: 0}
    - target: {fileID: 65802720584658986, guid: f46208189dea9674f8ee21c5aa4693fa,
        type: 2}
      propertyPath: m_Material
      value: 
      objectReference: {fileID: 0}
    - target: {fileID: 65508474667897616, guid: f46208189dea9674f8ee21c5aa4693fa,
        type: 2}
      propertyPath: m_Material
      value: 
      objectReference: {fileID: 0}
    - target: {fileID: 65286508830486470, guid: f46208189dea9674f8ee21c5aa4693fa,
        type: 2}
      propertyPath: m_Material
      value: 
      objectReference: {fileID: 0}
    - target: {fileID: 65344124195786704, guid: f46208189dea9674f8ee21c5aa4693fa,
        type: 2}
      propertyPath: m_Material
      value: 
      objectReference: {fileID: 0}
    - target: {fileID: 65859085016966672, guid: f46208189dea9674f8ee21c5aa4693fa,
        type: 2}
      propertyPath: m_Material
      value: 
      objectReference: {fileID: 0}
    - target: {fileID: 65764462500113570, guid: f46208189dea9674f8ee21c5aa4693fa,
        type: 2}
      propertyPath: m_Material
      value: 
      objectReference: {fileID: 0}
    - target: {fileID: 65328317432500644, guid: f46208189dea9674f8ee21c5aa4693fa,
        type: 2}
      propertyPath: m_Material
      value: 
      objectReference: {fileID: 0}
    - target: {fileID: 65704888162518330, guid: f46208189dea9674f8ee21c5aa4693fa,
        type: 2}
      propertyPath: m_Material
      value: 
      objectReference: {fileID: 0}
    - target: {fileID: 65670740243042600, guid: f46208189dea9674f8ee21c5aa4693fa,
        type: 2}
      propertyPath: m_Material
      value: 
      objectReference: {fileID: 0}
    - target: {fileID: 65316656774953062, guid: f46208189dea9674f8ee21c5aa4693fa,
        type: 2}
      propertyPath: m_Material
      value: 
      objectReference: {fileID: 0}
    - target: {fileID: 65716833552221842, guid: f46208189dea9674f8ee21c5aa4693fa,
        type: 2}
      propertyPath: m_Material
      value: 
      objectReference: {fileID: 0}
    - target: {fileID: 65484616304130804, guid: f46208189dea9674f8ee21c5aa4693fa,
        type: 2}
      propertyPath: m_Material
      value: 
      objectReference: {fileID: 0}
    - target: {fileID: 65996180276024260, guid: f46208189dea9674f8ee21c5aa4693fa,
        type: 2}
      propertyPath: m_Material
      value: 
      objectReference: {fileID: 0}
    - target: {fileID: 65847512486674580, guid: f46208189dea9674f8ee21c5aa4693fa,
        type: 2}
      propertyPath: m_Material
      value: 
      objectReference: {fileID: 0}
    - target: {fileID: 65390880639731226, guid: f46208189dea9674f8ee21c5aa4693fa,
        type: 2}
      propertyPath: m_Material
      value: 
      objectReference: {fileID: 0}
    - target: {fileID: 65761273217676838, guid: f46208189dea9674f8ee21c5aa4693fa,
        type: 2}
      propertyPath: m_Material
      value: 
      objectReference: {fileID: 0}
    - target: {fileID: 65620932207446612, guid: f46208189dea9674f8ee21c5aa4693fa,
        type: 2}
      propertyPath: m_Material
      value: 
      objectReference: {fileID: 0}
    - target: {fileID: 65515075992872452, guid: f46208189dea9674f8ee21c5aa4693fa,
        type: 2}
      propertyPath: m_Material
      value: 
      objectReference: {fileID: 0}
    - target: {fileID: 65089301209526332, guid: f46208189dea9674f8ee21c5aa4693fa,
        type: 2}
      propertyPath: m_Material
      value: 
      objectReference: {fileID: 0}
    - target: {fileID: 65865621795874642, guid: f46208189dea9674f8ee21c5aa4693fa,
        type: 2}
      propertyPath: m_Material
      value: 
      objectReference: {fileID: 0}
    - target: {fileID: 65999540997112726, guid: f46208189dea9674f8ee21c5aa4693fa,
        type: 2}
      propertyPath: m_Material
      value: 
      objectReference: {fileID: 0}
    - target: {fileID: 65857106001116664, guid: f46208189dea9674f8ee21c5aa4693fa,
        type: 2}
      propertyPath: m_Material
      value: 
      objectReference: {fileID: 0}
    - target: {fileID: 65296221318742088, guid: f46208189dea9674f8ee21c5aa4693fa,
        type: 2}
      propertyPath: m_Material
      value: 
      objectReference: {fileID: 0}
    - target: {fileID: 65320810665099004, guid: f46208189dea9674f8ee21c5aa4693fa,
        type: 2}
      propertyPath: m_Material
      value: 
      objectReference: {fileID: 0}
    - target: {fileID: 65927704972349776, guid: f46208189dea9674f8ee21c5aa4693fa,
        type: 2}
      propertyPath: m_Material
      value: 
      objectReference: {fileID: 0}
    - target: {fileID: 65873947989973170, guid: f46208189dea9674f8ee21c5aa4693fa,
        type: 2}
      propertyPath: m_Material
      value: 
      objectReference: {fileID: 0}
    - target: {fileID: 65915106511874506, guid: f46208189dea9674f8ee21c5aa4693fa,
        type: 2}
      propertyPath: m_Material
      value: 
      objectReference: {fileID: 0}
    - target: {fileID: 65891119543887804, guid: f46208189dea9674f8ee21c5aa4693fa,
        type: 2}
      propertyPath: m_Material
      value: 
      objectReference: {fileID: 0}
    - target: {fileID: 65194709901335464, guid: f46208189dea9674f8ee21c5aa4693fa,
        type: 2}
      propertyPath: m_Material
      value: 
      objectReference: {fileID: 0}
    - target: {fileID: 65754981389274554, guid: f46208189dea9674f8ee21c5aa4693fa,
        type: 2}
      propertyPath: m_Material
      value: 
      objectReference: {fileID: 0}
    - target: {fileID: 65475727456119436, guid: f46208189dea9674f8ee21c5aa4693fa,
        type: 2}
      propertyPath: m_Material
      value: 
      objectReference: {fileID: 0}
    - target: {fileID: 65142069527252306, guid: f46208189dea9674f8ee21c5aa4693fa,
        type: 2}
      propertyPath: m_Material
      value: 
      objectReference: {fileID: 0}
    - target: {fileID: 65015646138129748, guid: f46208189dea9674f8ee21c5aa4693fa,
        type: 2}
      propertyPath: m_Material
      value: 
      objectReference: {fileID: 0}
    - target: {fileID: 65356403636161848, guid: f46208189dea9674f8ee21c5aa4693fa,
        type: 2}
      propertyPath: m_Material
      value: 
      objectReference: {fileID: 0}
    - target: {fileID: 65982404917655226, guid: f46208189dea9674f8ee21c5aa4693fa,
        type: 2}
      propertyPath: m_Material
      value: 
      objectReference: {fileID: 0}
    - target: {fileID: 65505008582308936, guid: f46208189dea9674f8ee21c5aa4693fa,
        type: 2}
      propertyPath: m_Material
      value: 
      objectReference: {fileID: 0}
    - target: {fileID: 65311609774947210, guid: f46208189dea9674f8ee21c5aa4693fa,
        type: 2}
      propertyPath: m_Material
      value: 
      objectReference: {fileID: 0}
    - target: {fileID: 65820060564673194, guid: f46208189dea9674f8ee21c5aa4693fa,
        type: 2}
      propertyPath: m_Material
      value: 
      objectReference: {fileID: 0}
    - target: {fileID: 65600107576960704, guid: f46208189dea9674f8ee21c5aa4693fa,
        type: 2}
      propertyPath: m_Material
      value: 
      objectReference: {fileID: 0}
    - target: {fileID: 65006442653255742, guid: f46208189dea9674f8ee21c5aa4693fa,
        type: 2}
      propertyPath: m_Material
      value: 
      objectReference: {fileID: 0}
    - target: {fileID: 65284764060920250, guid: f46208189dea9674f8ee21c5aa4693fa,
        type: 2}
      propertyPath: m_Material
      value: 
      objectReference: {fileID: 0}
    - target: {fileID: 65728011257859210, guid: f46208189dea9674f8ee21c5aa4693fa,
        type: 2}
      propertyPath: m_Material
      value: 
      objectReference: {fileID: 0}
    - target: {fileID: 65082414731214012, guid: f46208189dea9674f8ee21c5aa4693fa,
        type: 2}
      propertyPath: m_Material
      value: 
      objectReference: {fileID: 0}
    - target: {fileID: 65940305363082312, guid: f46208189dea9674f8ee21c5aa4693fa,
        type: 2}
      propertyPath: m_Material
      value: 
      objectReference: {fileID: 0}
    - target: {fileID: 65851469054667494, guid: f46208189dea9674f8ee21c5aa4693fa,
        type: 2}
      propertyPath: m_Material
      value: 
      objectReference: {fileID: 0}
    - target: {fileID: 65174637200157780, guid: f46208189dea9674f8ee21c5aa4693fa,
        type: 2}
      propertyPath: m_Material
      value: 
      objectReference: {fileID: 0}
    - target: {fileID: 65112446142214216, guid: f46208189dea9674f8ee21c5aa4693fa,
        type: 2}
      propertyPath: m_Material
      value: 
      objectReference: {fileID: 0}
    - target: {fileID: 65625004554867726, guid: f46208189dea9674f8ee21c5aa4693fa,
        type: 2}
      propertyPath: m_Material
      value: 
      objectReference: {fileID: 0}
    - target: {fileID: 65484166485240632, guid: f46208189dea9674f8ee21c5aa4693fa,
        type: 2}
      propertyPath: m_Material
      value: 
      objectReference: {fileID: 0}
    - target: {fileID: 65648182323471996, guid: f46208189dea9674f8ee21c5aa4693fa,
        type: 2}
      propertyPath: m_Material
      value: 
      objectReference: {fileID: 0}
    - target: {fileID: 65329148426655334, guid: f46208189dea9674f8ee21c5aa4693fa,
        type: 2}
      propertyPath: m_Material
      value: 
      objectReference: {fileID: 0}
    - target: {fileID: 65350788886849292, guid: f46208189dea9674f8ee21c5aa4693fa,
        type: 2}
      propertyPath: m_Material
      value: 
      objectReference: {fileID: 0}
    - target: {fileID: 65046787369581430, guid: f46208189dea9674f8ee21c5aa4693fa,
        type: 2}
      propertyPath: m_Material
      value: 
      objectReference: {fileID: 0}
    - target: {fileID: 65236665369216910, guid: f46208189dea9674f8ee21c5aa4693fa,
        type: 2}
      propertyPath: m_Material
      value: 
      objectReference: {fileID: 0}
    - target: {fileID: 65047929868113802, guid: f46208189dea9674f8ee21c5aa4693fa,
        type: 2}
      propertyPath: m_Material
      value: 
      objectReference: {fileID: 0}
    - target: {fileID: 65086289832472798, guid: f46208189dea9674f8ee21c5aa4693fa,
        type: 2}
      propertyPath: m_Material
      value: 
      objectReference: {fileID: 0}
    - target: {fileID: 65094832011726502, guid: f46208189dea9674f8ee21c5aa4693fa,
        type: 2}
      propertyPath: m_Material
      value: 
      objectReference: {fileID: 0}
    - target: {fileID: 65261488836234830, guid: f46208189dea9674f8ee21c5aa4693fa,
        type: 2}
      propertyPath: m_Material
      value: 
      objectReference: {fileID: 0}
    - target: {fileID: 65659677811707778, guid: f46208189dea9674f8ee21c5aa4693fa,
        type: 2}
      propertyPath: m_Material
      value: 
      objectReference: {fileID: 0}
    - target: {fileID: 65756325595817252, guid: f46208189dea9674f8ee21c5aa4693fa,
        type: 2}
      propertyPath: m_Material
      value: 
      objectReference: {fileID: 0}
    - target: {fileID: 65547278365160458, guid: f46208189dea9674f8ee21c5aa4693fa,
        type: 2}
      propertyPath: m_Material
      value: 
      objectReference: {fileID: 0}
    - target: {fileID: 65951978067120030, guid: f46208189dea9674f8ee21c5aa4693fa,
        type: 2}
      propertyPath: m_Material
      value: 
      objectReference: {fileID: 0}
    - target: {fileID: 65538628291311858, guid: f46208189dea9674f8ee21c5aa4693fa,
        type: 2}
      propertyPath: m_Material
      value: 
      objectReference: {fileID: 0}
    - target: {fileID: 65179458362661718, guid: f46208189dea9674f8ee21c5aa4693fa,
        type: 2}
      propertyPath: m_Material
      value: 
      objectReference: {fileID: 0}
    - target: {fileID: 65405866817867448, guid: f46208189dea9674f8ee21c5aa4693fa,
        type: 2}
      propertyPath: m_Material
      value: 
      objectReference: {fileID: 0}
    - target: {fileID: 65697092494171490, guid: f46208189dea9674f8ee21c5aa4693fa,
        type: 2}
      propertyPath: m_Material
      value: 
      objectReference: {fileID: 0}
    - target: {fileID: 65118395473186176, guid: f46208189dea9674f8ee21c5aa4693fa,
        type: 2}
      propertyPath: m_Material
      value: 
      objectReference: {fileID: 0}
    - target: {fileID: 65139892453811800, guid: f46208189dea9674f8ee21c5aa4693fa,
        type: 2}
      propertyPath: m_Material
      value: 
      objectReference: {fileID: 0}
    - target: {fileID: 65743196680031682, guid: f46208189dea9674f8ee21c5aa4693fa,
        type: 2}
      propertyPath: m_Material
      value: 
      objectReference: {fileID: 0}
    - target: {fileID: 65718943765225304, guid: f46208189dea9674f8ee21c5aa4693fa,
        type: 2}
      propertyPath: m_Material
      value: 
      objectReference: {fileID: 0}
    - target: {fileID: 65266365817435648, guid: f46208189dea9674f8ee21c5aa4693fa,
        type: 2}
      propertyPath: m_Material
      value: 
      objectReference: {fileID: 0}
    m_RemovedComponents: []
  m_ParentPrefab: {fileID: 100100000, guid: f46208189dea9674f8ee21c5aa4693fa, type: 2}
  m_IsPrefabParent: 0
--- !u!1 &1868537590
GameObject:
  m_ObjectHideFlags: 0
  m_PrefabParentObject: {fileID: 0}
  m_PrefabInternal: {fileID: 0}
  serializedVersion: 5
  m_Component:
  - component: {fileID: 1868537594}
  - component: {fileID: 1868537593}
  - component: {fileID: 1868537592}
  - component: {fileID: 1868537591}
  m_Layer: 5
  m_Name: InGameUI
  m_TagString: Untagged
  m_Icon: {fileID: 0}
  m_NavMeshLayer: 0
  m_StaticEditorFlags: 0
  m_IsActive: 1
--- !u!114 &1868537591
MonoBehaviour:
  m_ObjectHideFlags: 0
  m_PrefabParentObject: {fileID: 0}
  m_PrefabInternal: {fileID: 0}
  m_GameObject: {fileID: 1868537590}
  m_Enabled: 1
  m_EditorHideFlags: 0
  m_Script: {fileID: 1301386320, guid: f70555f144d8491a825f0804e09c671c, type: 3}
  m_Name: 
  m_EditorClassIdentifier: 
  m_IgnoreReversedGraphics: 1
  m_BlockingObjects: 0
  m_BlockingMask:
    serializedVersion: 2
    m_Bits: 4294967295
--- !u!114 &1868537592
MonoBehaviour:
  m_ObjectHideFlags: 0
  m_PrefabParentObject: {fileID: 0}
  m_PrefabInternal: {fileID: 0}
  m_GameObject: {fileID: 1868537590}
  m_Enabled: 1
  m_EditorHideFlags: 0
  m_Script: {fileID: 1980459831, guid: f70555f144d8491a825f0804e09c671c, type: 3}
  m_Name: 
  m_EditorClassIdentifier: 
  m_UiScaleMode: 0
  m_ReferencePixelsPerUnit: 100
  m_ScaleFactor: 1
  m_ReferenceResolution: {x: 800, y: 600}
  m_ScreenMatchMode: 0
  m_MatchWidthOrHeight: 0
  m_PhysicalUnit: 3
  m_FallbackScreenDPI: 96
  m_DefaultSpriteDPI: 96
  m_DynamicPixelsPerUnit: 1
--- !u!223 &1868537593
Canvas:
  m_ObjectHideFlags: 0
  m_PrefabParentObject: {fileID: 0}
  m_PrefabInternal: {fileID: 0}
  m_GameObject: {fileID: 1868537590}
  m_Enabled: 1
  serializedVersion: 3
  m_RenderMode: 0
  m_Camera: {fileID: 1567899266}
  m_PlaneDistance: 100
  m_PixelPerfect: 0
  m_ReceivesEvents: 1
  m_OverrideSorting: 0
  m_OverridePixelPerfect: 0
  m_SortingBucketNormalizedSize: 0
  m_AdditionalShaderChannelsFlag: 0
  m_SortingLayerID: 0
  m_SortingOrder: 0
  m_TargetDisplay: 0
--- !u!224 &1868537594
RectTransform:
  m_ObjectHideFlags: 0
  m_PrefabParentObject: {fileID: 0}
  m_PrefabInternal: {fileID: 0}
  m_GameObject: {fileID: 1868537590}
  m_LocalRotation: {x: 0, y: 0, z: 0, w: 1}
  m_LocalPosition: {x: 0, y: 0, z: 0}
  m_LocalScale: {x: 0, y: 0, z: 0}
  m_Children:
  - {fileID: 1490321284}
  - {fileID: 768993772}
  m_Father: {fileID: 0}
  m_RootOrder: 4
  m_LocalEulerAnglesHint: {x: 0, y: 0, z: 0}
  m_AnchorMin: {x: 0, y: 0}
  m_AnchorMax: {x: 0, y: 0}
  m_AnchoredPosition: {x: 0, y: 0}
  m_SizeDelta: {x: 0, y: 0}
  m_Pivot: {x: 0, y: 0}
--- !u!198 &2053167777 stripped
ParticleSystem:
  m_PrefabParentObject: {fileID: 198729641802832584, guid: 9567696d831b8e148859e9f28b53086c,
    type: 2}
  m_PrefabInternal: {fileID: 2060288818}
--- !u!1001 &2060288818
Prefab:
  m_ObjectHideFlags: 0
  serializedVersion: 2
  m_Modification:
    m_TransformParent: {fileID: 1087834231}
    m_Modifications:
    - target: {fileID: 4824052300383554, guid: 9567696d831b8e148859e9f28b53086c, type: 2}
      propertyPath: m_LocalPosition.x
      value: 0
      objectReference: {fileID: 0}
    - target: {fileID: 4824052300383554, guid: 9567696d831b8e148859e9f28b53086c, type: 2}
      propertyPath: m_LocalPosition.y
      value: 15
      objectReference: {fileID: 0}
    - target: {fileID: 4824052300383554, guid: 9567696d831b8e148859e9f28b53086c, type: 2}
      propertyPath: m_LocalPosition.z
      value: 0
      objectReference: {fileID: 0}
    - target: {fileID: 4824052300383554, guid: 9567696d831b8e148859e9f28b53086c, type: 2}
      propertyPath: m_LocalRotation.x
      value: -0.7071068
      objectReference: {fileID: 0}
    - target: {fileID: 4824052300383554, guid: 9567696d831b8e148859e9f28b53086c, type: 2}
      propertyPath: m_LocalRotation.y
      value: 0
      objectReference: {fileID: 0}
    - target: {fileID: 4824052300383554, guid: 9567696d831b8e148859e9f28b53086c, type: 2}
      propertyPath: m_LocalRotation.z
      value: 0
      objectReference: {fileID: 0}
    - target: {fileID: 4824052300383554, guid: 9567696d831b8e148859e9f28b53086c, type: 2}
      propertyPath: m_LocalRotation.w
      value: 0.7071068
      objectReference: {fileID: 0}
    - target: {fileID: 4824052300383554, guid: 9567696d831b8e148859e9f28b53086c, type: 2}
      propertyPath: m_RootOrder
      value: 8
      objectReference: {fileID: 0}
    m_RemovedComponents: []
  m_ParentPrefab: {fileID: 100100000, guid: 9567696d831b8e148859e9f28b53086c, type: 2}
  m_IsPrefabParent: 0
